account,email,owner,marketplace,session,period,market,target,order,original,supplier,consumer,type,side,units,price,createdDate,lastModifiedDate,16. just time,17. just second,,trade,fair value,trade price,mispricing,time mins,time secs,buy/sell
pert-josh,M6@bmm,6,288,6690,1,567,NULL,1316308,1316308,1316308,1316311,LIMIT,SELL,1,560,2018-08-31T04:12:44.046,2018-08-31T04:12:53.045,,12:44.0,4:12:44,0,750,#N/A,#N/A,0:00:00,0,-1
pert-josh,M1@bmm,1,288,6690,1,567,NULL,1316309,1316309,1316309,1316313,LIMIT,SELL,1,570,2018-08-31T04:12:50.377,2018-08-31T04:12:53.056,,12:50.4,4:12:50,0,750,#N/A,#N/A,0:00:06,6.33,-1
pert-josh,M4@bmm,4,288,6690,1,567,NULL,1316310,1316310,1316310,0,LIMIT,BUY,1,605,2018-08-31T04:12:53.037,2018-08-31T04:12:53.044,,12:53.0,4:12:53,0,750,#N/A,#N/A,0:00:09,8.99,1
pert-josh,M4@bmm,4,288,6690,1,567,NULL,1316311,1316310,1316310,1316308,LIMIT,BUY,1,560,2018-08-31T04:12:53.041,2018-08-31T04:12:53.045,,12:53.0,4:12:53,1,750,560,-190,0:00:09,9,1
pert-josh,M4@bmm,4,288,6690,1,567,NULL,1316312,1316312,1316312,0,LIMIT,BUY,1,605,2018-08-31T04:12:53.049,2018-08-31T04:12:53.056,,12:53.0,4:12:53,0,750,#N/A,#N/A,0:00:09,9,1
pert-josh,M4@bmm,4,288,6690,1,567,NULL,1316313,1316312,1316312,1316309,LIMIT,BUY,1,570,2018-08-31T04:12:53.053,2018-08-31T04:12:53.056,,12:53.1,4:12:53,1,750,570,-180,0:00:09,9.01,1
pert-josh,M7@bmm,7,288,6690,1,567,NULL,1316314,1316314,1316314,1316339,LIMIT,BUY,1,495,2018-08-31T04:12:54.521,2018-08-31T04:13:36.661,,12:54.5,4:12:54,0,750,#N/A,#N/A,0:00:10,10.48,1
pert-josh,M4@bmm,4,288,6690,1,567,NULL,1316315,1316315,1316315,1316318,LIMIT,BUY,1,605,2018-08-31T04:12:56.347,2018-08-31T04:12:57.786,,12:56.3,4:12:56,0,750,#N/A,#N/A,0:00:12,12.3,1
pert-josh,M6@bmm,6,288,6690,1,567,NULL,1316316,1316316,1316316,NULL,LIMIT,BUY,7,335,2018-08-31T04:12:57.042,2018-08-31T04:12:57.045,,12:57.0,4:12:57,0,750,#N/A,#N/A,0:00:13,13,1
pert-josh,M2@bmm,2,288,6690,1,567,NULL,1316317,1316317,1316317,0,LIMIT,SELL,1,570,2018-08-31T04:12:57.779,2018-08-31T04:12:57.786,,12:57.8,4:12:57,0,750,#N/A,#N/A,0:00:14,13.73,-1
pert-josh,M2@bmm,2,288,6690,1,567,NULL,1316318,1316317,1316317,1316315,LIMIT,SELL,1,605,2018-08-31T04:12:57.783,2018-08-31T04:12:57.787,,12:57.8,4:12:57,1,750,605,-145,0:00:14,13.74,-1
pert-josh,M8@bmm,8,288,6690,1,567,NULL,1316319,1316319,1316319,1316349,LIMIT,BUY,1,545,2018-08-31T04:12:59.773,2018-08-31T04:13:43.355,,12:59.8,4:12:59,0,750,#N/A,#N/A,0:00:16,15.73,1
pert-josh,M8@bmm,8,288,6690,1,567,NULL,1316320,1316320,1316320,1316353,LIMIT,BUY,1,500,2018-08-31T04:13:06.486,2018-08-31T04:13:45.315,,13:06.5,4:13:06,0,750,#N/A,#N/A,0:00:22,22.44,1
pert-josh,M8@bmm,8,288,6690,1,567,NULL,1316321,1316321,1316321,1316352,LIMIT,BUY,1,500,2018-08-31T04:13:06.868,2018-08-31T04:13:44.950,,13:06.9,4:13:06,0,750,#N/A,#N/A,0:00:23,22.82,1
pert-josh,M8@bmm,8,288,6690,1,567,NULL,1316322,1316322,1316322,1316350,LIMIT,BUY,1,500,2018-08-31T04:13:07.747,2018-08-31T04:13:43.868,,13:07.7,4:13:07,0,750,#N/A,#N/A,0:00:24,23.7,1
pert-josh,M6@bmm,6,288,6690,1,567,NULL,1316323,1316323,1316323,1316332,LIMIT,SELL,1,655,2018-08-31T04:13:09.828,2018-08-31T04:13:21.401,,13:09.8,4:13:09,0,750,#N/A,#N/A,0:00:26,25.78,-1
pert-josh,M4@bmm,4,288,6690,1,567,NULL,1316324,1316324,1316324,1316375,LIMIT,BUY,1,550,2018-08-31T04:13:09.909,2018-08-31T04:14:16.797,,13:09.9,4:13:09,0,750,#N/A,#N/A,0:00:26,25.86,1
pert-josh,M8@bmm,8,288,6690,1,567,NULL,1316325,1316325,1316325,1316347,LIMIT,BUY,1,500,2018-08-31T04:13:10.475,2018-08-31T04:13:42.646,,13:10.5,4:13:10,0,750,#N/A,#N/A,0:00:26,26.43,1
pert-josh,M5@bmm,5,288,6690,1,567,NULL,1316326,1316326,1316326,NULL,LIMIT,BUY,1,545,2018-08-31T04:13:14.091,2018-08-31T04:13:14.093,,13:14.1,4:13:14,0,750,#N/A,#N/A,0:00:30,30.04,1
pert-josh,M7@bmm,7,288,6690,1,567,NULL,1316327,1316327,1316327,1316330,LIMIT,SELL,1,630,2018-08-31T04:13:16.819,2018-08-31T04:13:19.235,,13:16.8,4:13:16,0,750,#N/A,#N/A,0:00:33,32.77,-1
pert-josh,M4@bmm,4,288,6690,1,567,NULL,1316328,1316328,1316328,1316334,LIMIT,BUY,1,590,2018-08-31T04:13:18.765,2018-08-31T04:13:21.638,,13:18.8,4:13:18,0,750,#N/A,#N/A,0:00:35,34.72,1
pert-josh,M8@bmm,8,288,6690,1,567,NULL,1316329,1316329,1316329,0,LIMIT,BUY,1,655,2018-08-31T04:13:19.227,2018-08-31T04:13:19.235,,13:19.2,4:13:19,0,750,#N/A,#N/A,0:00:35,35.18,1
pert-josh,M8@bmm,8,288,6690,1,567,NULL,1316330,1316329,1316329,1316327,LIMIT,BUY,1,630,2018-08-31T04:13:19.232,2018-08-31T04:13:19.235,,13:19.2,4:13:19,1,750,630,-120,0:00:35,35.19,1
pert-josh,M6@bmm,6,288,6690,1,567,NULL,1316331,1316331,1316331,NULL,LIMIT,BUY,1,435,2018-08-31T04:13:21.227,2018-08-31T04:13:21.230,,13:21.2,4:13:21,0,750,#N/A,#N/A,0:00:37,37.18,1
pert-josh,M8@bmm,8,288,6690,1,567,NULL,1316332,1316332,1316332,1316323,LIMIT,BUY,1,655,2018-08-31T04:13:21.396,2018-08-31T04:13:21.401,,13:21.4,4:13:21,1,750,655,-95,0:00:37,37.35,1
pert-josh,M2@bmm,2,288,6690,1,567,NULL,1316333,1316333,1316333,0,LIMIT,SELL,1,570,2018-08-31T04:13:21.631,2018-08-31T04:13:21.638,,13:21.6,4:13:21,0,750,#N/A,#N/A,0:00:38,37.58,-1
pert-josh,M2@bmm,2,288,6690,1,567,NULL,1316334,1316333,1316333,1316328,LIMIT,SELL,1,590,2018-08-31T04:13:21.635,2018-08-31T04:13:21.638,,13:21.6,4:13:21,1,750,590,-160,0:00:38,37.59,-1
pert-josh,M7@bmm,7,288,6690,1,567,NULL,1316335,1316335,1316335,1316360,LIMIT,BUY,1,560,2018-08-31T04:13:23.788,2018-08-31T04:13:53.738,,13:23.8,4:13:23,0,750,#N/A,#N/A,0:00:40,39.74,1
pert-josh,M6@bmm,6,288,6690,1,567,NULL,1316336,1316336,1316336,1316363,LIMIT,SELL,1,635,2018-08-31T04:13:27.611,2018-08-31T04:13:59.608,,13:27.6,4:13:27,0,750,#N/A,#N/A,0:00:44,43.57,-1
pert-josh,M1@bmm,1,288,6690,1,567,NULL,1316337,1316337,1316337,1316459,LIMIT,SELL,1,665,2018-08-31T04:13:30.490,2018-08-31T04:15:47.552,,13:30.5,4:13:30,0,750,#N/A,#N/A,0:00:46,46.44,-1
pert-josh,M7@bmm,7,288,6690,1,567,NULL,1316338,1316338,1316338,1316393,LIMIT,BUY,1,570,2018-08-31T04:13:33.684,2018-08-31T04:14:49.374,,13:33.7,4:13:33,0,750,#N/A,#N/A,0:00:50,49.64,1
pert-josh,M7@bmm,7,288,6690,1,567,NULL,1316339,1316314,1316314,1316314,CANCEL,BUY,1,495,2018-08-31T04:13:36.657,2018-08-31T04:13:36.661,,13:36.7,4:13:36,0,750,#N/A,#N/A,0:00:53,52.61,1
pert-josh,M6@bmm,6,288,6690,1,567,NULL,1316340,1316340,1316340,1316361,LIMIT,SELL,1,605,2018-08-31T04:13:36.772,2018-08-31T04:13:54.881,,13:36.8,4:13:36,0,750,#N/A,#N/A,0:00:53,52.73,-1
pert-josh,M3@bmm,3,288,6690,1,567,NULL,1316341,1316341,1316341,1316441,LIMIT,BUY,1,550,2018-08-31T04:13:38.018,2018-08-31T04:15:32.036,,13:38.0,4:13:38,0,750,#N/A,#N/A,0:00:54,53.97,1
pert-josh,M5@bmm,5,288,6690,1,567,NULL,1316342,1316342,1316342,1316348,LIMIT,SELL,1,590,2018-08-31T04:13:38.131,2018-08-31T04:13:43.136,,13:38.1,4:13:38,0,750,#N/A,#N/A,0:00:54,54.09,-1
pert-josh,M4@bmm,4,288,6690,1,567,NULL,1316343,1316343,1316343,1316359,LIMIT,BUY,1,585,2018-08-31T04:13:39.225,2018-08-31T04:13:53.587,,13:39.2,4:13:39,0,750,#N/A,#N/A,0:00:55,55.18,1
pert-josh,M8@bmm,8,288,6690,1,567,NULL,1316344,1316344,1316344,1316384,LIMIT,BUY,1,575,2018-08-31T04:13:40.587,2018-08-31T04:14:35.988,,13:40.6,4:13:40,0,750,#N/A,#N/A,0:00:57,56.54,1
pert-josh,M1@bmm,1,288,6690,1,567,NULL,1316345,1316345,1316345,1316386,LIMIT,BUY,1,525,2018-08-31T04:13:40.795,2018-08-31T04:14:38.933,,13:40.8,4:13:40,0,750,#N/A,#N/A,0:00:57,56.75,1
pert-josh,M8@bmm,8,288,6690,1,567,NULL,1316346,1316346,1316346,1316381,LIMIT,BUY,1,575,2018-08-31T04:13:40.820,2018-08-31T04:14:34.428,,13:40.8,4:13:40,0,750,#N/A,#N/A,0:00:57,56.77,1
pert-josh,M8@bmm,8,288,6690,1,567,NULL,1316347,1316325,1316325,1316325,CANCEL,BUY,1,500,2018-08-31T04:13:42.641,2018-08-31T04:13:42.645,,13:42.6,4:13:42,0,750,#N/A,#N/A,0:00:59,58.6,1
pert-josh,M7@bmm,7,288,6690,1,567,NULL,1316348,1316348,1316348,1316342,LIMIT,BUY,1,590,2018-08-31T04:13:43.131,2018-08-31T04:13:43.135,,13:43.1,4:13:43,1,750,590,-160,0:00:59,59.08,1
pert-josh,M8@bmm,8,288,6690,1,567,NULL,1316349,1316319,1316319,1316319,CANCEL,BUY,1,545,2018-08-31T04:13:43.352,2018-08-31T04:13:43.355,,13:43.4,4:13:43,0,750,#N/A,#N/A,0:00:59,59.31,1
pert-josh,M8@bmm,8,288,6690,1,567,NULL,1316350,1316322,1316322,1316322,CANCEL,BUY,1,500,2018-08-31T04:13:43.864,2018-08-31T04:13:43.867,,13:43.9,4:13:43,0,750,#N/A,#N/A,0:01:00,59.82,1
pert-josh,M8@bmm,8,288,6690,1,567,NULL,1316351,1316322,1316322,1316351,CANCEL,BUY,1,500,2018-08-31T04:13:44.025,2018-08-31T04:13:44.029,,13:44.0,4:13:44,0,750,#N/A,#N/A,0:01:00,59.98,1
pert-josh,M8@bmm,8,288,6690,1,567,NULL,1316352,1316321,1316321,1316321,CANCEL,BUY,1,500,2018-08-31T04:13:44.946,2018-08-31T04:13:44.949,,13:44.9,4:13:44,0,750,#N/A,#N/A,0:01:01,60.9,1
pert-josh,M8@bmm,8,288,6690,1,567,NULL,1316353,1316320,1316320,1316320,CANCEL,BUY,1,500,2018-08-31T04:13:45.311,2018-08-31T04:13:45.315,,13:45.3,4:13:45,0,750,#N/A,#N/A,0:01:01,61.26,1
pert-josh,M2@bmm,2,288,6690,1,567,NULL,1316354,1316354,1316354,1316362,LIMIT,SELL,1,625,2018-08-31T04:13:49.066,2018-08-31T04:13:57.497,,13:49.1,4:13:49,0,750,#N/A,#N/A,0:01:05,65.02,-1
pert-josh,M8@bmm,8,288,6690,1,567,NULL,1316355,1316355,1316355,1316371,LIMIT,BUY,1,590,2018-08-31T04:13:49.716,2018-08-31T04:14:11.316,,13:49.7,4:13:49,0,750,#N/A,#N/A,0:01:06,65.67,1
pert-josh,M8@bmm,8,288,6690,1,567,NULL,1316356,1316356,1316356,1316390,LIMIT,BUY,1,590,2018-08-31T04:13:51.092,2018-08-31T04:14:43.749,,13:51.1,4:13:51,0,750,#N/A,#N/A,0:01:07,67.05,1
pert-josh,M7@bmm,7,288,6690,1,567,NULL,1316357,1316357,1316357,1316519,LIMIT,BUY,1,585,2018-08-31T04:13:51.202,2018-08-31T04:17:16.045,,13:51.2,4:13:51,0,750,#N/A,#N/A,0:01:07,67.16,1
pert-josh,M4@bmm,4,288,6690,1,567,NULL,1316358,1316358,1316358,1316369,LIMIT,BUY,1,590,2018-08-31T04:13:52.160,2018-08-31T04:14:07.547,,13:52.2,4:13:52,0,750,#N/A,#N/A,0:01:08,68.11,1
pert-josh,M4@bmm,4,288,6690,1,567,NULL,1316359,1316343,1316343,1316343,CANCEL,BUY,1,585,2018-08-31T04:13:53.583,2018-08-31T04:13:53.587,,13:53.6,4:13:53,0,750,#N/A,#N/A,0:01:10,69.54,1
pert-josh,M7@bmm,7,288,6690,1,567,NULL,1316360,1316335,1316335,1316335,CANCEL,BUY,1,560,2018-08-31T04:13:53.735,2018-08-31T04:13:53.738,,13:53.7,4:13:53,0,750,#N/A,#N/A,0:01:10,69.69,1
pert-josh,M8@bmm,8,288,6690,1,567,NULL,1316361,1316361,1316361,1316340,LIMIT,BUY,1,605,2018-08-31T04:13:54.876,2018-08-31T04:13:54.881,,13:54.9,4:13:54,1,750,605,-145,0:01:11,70.83,1
pert-josh,M8@bmm,8,288,6690,1,567,NULL,1316362,1316362,1316362,1316354,LIMIT,BUY,1,625,2018-08-31T04:13:57.493,2018-08-31T04:13:57.497,,13:57.5,4:13:57,1,750,625,-125,0:01:13,73.45,1
pert-josh,M8@bmm,8,288,6690,1,567,NULL,1316363,1316363,1316363,1316336,LIMIT,BUY,1,635,2018-08-31T04:13:59.604,2018-08-31T04:13:59.608,,13:59.6,4:13:59,1,750,635,-115,0:01:16,75.56,1
pert-josh,M5@bmm,5,288,6690,1,567,NULL,1316364,1316364,1316364,1316365,LIMIT,SELL,1,610,2018-08-31T04:14:01.469,2018-08-31T04:14:04.697,,14:01.5,4:14:01,0,750,#N/A,#N/A,0:01:17,77.42,-1
pert-josh,M8@bmm,8,288,6690,1,567,NULL,1316365,1316365,1316365,1316364,LIMIT,BUY,1,610,2018-08-31T04:14:04.692,2018-08-31T04:14:04.697,,14:04.7,4:14:04,1,750,610,-140,0:01:21,80.65,1
pert-josh,M4@bmm,4,288,6690,1,567,NULL,1316366,1316366,1316366,1316368,LIMIT,BUY,1,595,2018-08-31T04:14:05.863,2018-08-31T04:14:07.517,,14:05.9,4:14:05,0,750,#N/A,#N/A,0:01:22,81.82,1
pert-josh,M6@bmm,6,288,6690,1,567,NULL,1316367,1316367,1316367,0,LIMIT,SELL,1,480,2018-08-31T04:14:07.507,2018-08-31T04:14:07.516,,14:07.5,4:14:07,0,750,#N/A,#N/A,0:01:23,83.46,-1
pert-josh,M6@bmm,6,288,6690,1,567,NULL,1316368,1316367,1316367,1316366,LIMIT,SELL,1,595,2018-08-31T04:14:07.513,2018-08-31T04:14:07.517,,14:07.5,4:14:07,1,750,595,-155,0:01:23,83.47,-1
pert-josh,M4@bmm,4,288,6690,1,567,NULL,1316369,1316358,1316358,1316358,CANCEL,BUY,1,590,2018-08-31T04:14:07.543,2018-08-31T04:14:07.547,,14:07.5,4:14:07,0,750,#N/A,#N/A,0:01:23,83.5,1
pert-josh,M6@bmm,6,288,6690,1,567,NULL,1316370,1316370,1316370,0,LIMIT,SELL,1,480,2018-08-31T04:14:11.307,2018-08-31T04:14:11.315,,14:11.3,4:14:11,0,750,#N/A,#N/A,0:01:27,87.26,-1
pert-josh,M6@bmm,6,288,6690,1,567,NULL,1316371,1316370,1316370,1316355,LIMIT,SELL,1,590,2018-08-31T04:14:11.312,2018-08-31T04:14:11.316,,14:11.3,4:14:11,1,750,590,-160,0:01:27,87.27,-1
pert-josh,M4@bmm,4,288,6690,1,567,NULL,1316372,1316372,1316372,1316374,LIMIT,BUY,1,595,2018-08-31T04:14:14.005,2018-08-31T04:14:15.058,,14:14.0,4:14:14,0,750,#N/A,#N/A,0:01:30,89.96,1
pert-josh,M6@bmm,6,288,6690,1,567,NULL,1316373,1316373,1316373,0,LIMIT,SELL,1,480,2018-08-31T04:14:15.051,2018-08-31T04:14:15.058,,14:15.1,4:14:15,0,750,#N/A,#N/A,0:01:31,91,-1
pert-josh,M6@bmm,6,288,6690,1,567,NULL,1316374,1316373,1316373,1316372,LIMIT,SELL,1,595,2018-08-31T04:14:15.055,2018-08-31T04:14:15.058,,14:15.1,4:14:15,1,750,595,-155,0:01:31,91.01,-1
pert-josh,M4@bmm,4,288,6690,1,567,NULL,1316375,1316324,1316324,1316324,CANCEL,BUY,1,550,2018-08-31T04:14:16.792,2018-08-31T04:14:16.796,,14:16.8,4:14:16,0,750,#N/A,#N/A,0:01:33,92.75,1
pert-josh,M7@bmm,7,288,6690,1,567,NULL,1316376,1316376,1316376,1316436,LIMIT,SELL,1,700,2018-08-31T04:14:21.349,2018-08-31T04:15:20.805,,14:21.3,4:14:21,0,750,#N/A,#N/A,0:01:37,97.3,-1
pert-josh,M2@bmm,2,288,6690,1,567,NULL,1316377,1316377,1316377,1316380,LIMIT,BUY,1,545,2018-08-31T04:14:26.992,2018-08-31T04:14:33.931,,14:27.0,4:14:26,0,750,#N/A,#N/A,0:01:43,102.95,1
pert-josh,M7@bmm,7,288,6690,1,567,NULL,1316378,1316378,1316378,NULL,LIMIT,BUY,1,595,2018-08-31T04:14:28.868,2018-08-31T04:14:28.871,,14:28.9,4:14:28,0,750,#N/A,#N/A,0:01:45,104.82,1
pert-josh,M7@bmm,7,288,6690,1,567,NULL,1316379,1316379,1316379,NULL,LIMIT,BUY,1,600,2018-08-31T04:14:31.254,2018-08-31T04:14:31.256,,14:31.3,4:14:31,0,750,#N/A,#N/A,0:01:47,107.21,1
pert-josh,M2@bmm,2,288,6690,1,567,NULL,1316380,1316377,1316377,1316377,CANCEL,BUY,1,545,2018-08-31T04:14:33.927,2018-08-31T04:14:33.931,,14:33.9,4:14:33,0,750,#N/A,#N/A,0:01:50,109.88,1
pert-josh,M8@bmm,8,288,6690,1,567,NULL,1316381,1316346,1316346,1316346,CANCEL,BUY,1,575,2018-08-31T04:14:34.424,2018-08-31T04:14:34.428,,14:34.4,4:14:34,0,750,#N/A,#N/A,0:01:50,110.38,1
pert-josh,M4@bmm,4,288,6690,1,567,NULL,1316382,1316382,1316382,1316424,LIMIT,SELL,1,630,2018-08-31T04:14:34.939,2018-08-31T04:15:15.027,,14:34.9,4:14:34,0,750,#N/A,#N/A,0:01:51,110.89,-1
pert-josh,M6@bmm,6,288,6690,1,567,NULL,1316383,1316383,1316383,1316388,LIMIT,SELL,1,620,2018-08-31T04:14:35.779,2018-08-31T04:14:40.880,,14:35.8,4:14:35,0,750,#N/A,#N/A,0:01:52,111.73,-1
pert-josh,M8@bmm,8,288,6690,1,567,NULL,1316384,1316344,1316344,1316344,CANCEL,BUY,1,575,2018-08-31T04:14:35.984,2018-08-31T04:14:35.988,,14:36.0,4:14:35,0,750,#N/A,#N/A,0:01:52,111.94,1
pert-josh,M7@bmm,7,288,6690,1,567,NULL,1316385,1316385,1316385,NULL,LIMIT,BUY,1,610,2018-08-31T04:14:36.347,2018-08-31T04:14:36.349,,14:36.3,4:14:36,0,750,#N/A,#N/A,0:01:52,112.3,1
pert-josh,M1@bmm,1,288,6690,1,567,NULL,1316386,1316345,1316345,1316345,CANCEL,BUY,1,525,2018-08-31T04:14:38.929,2018-08-31T04:14:38.933,,14:38.9,4:14:38,0,750,#N/A,#N/A,0:01:55,114.88,1
pert-josh,M7@bmm,7,288,6690,1,567,NULL,1316387,1316387,1316387,NULL,LIMIT,BUY,1,605,2018-08-31T04:14:40.685,2018-08-31T04:14:40.687,,14:40.7,4:14:40,0,750,#N/A,#N/A,0:01:57,116.64,1
pert-josh,M6@bmm,6,288,6690,1,567,NULL,1316388,1316388,1316388,1316383,LIMIT,BUY,1,620,2018-08-31T04:14:40.874,2018-08-31T04:14:40.880,,14:40.9,4:14:40,1,750,620,-130,0:01:57,116.83,1
pert-josh,M8@bmm,8,288,6690,1,567,NULL,1316389,1316389,1316389,1316398,LIMIT,BUY,1,615,2018-08-31T04:14:42.605,2018-08-31T04:14:53.043,,14:42.6,4:14:42,0,750,#N/A,#N/A,0:01:59,118.56,1
pert-josh,M8@bmm,8,288,6690,1,567,NULL,1316390,1316356,1316356,1316356,CANCEL,BUY,1,590,2018-08-31T04:14:43.745,2018-08-31T04:14:43.749,,14:43.7,4:14:43,0,750,#N/A,#N/A,0:02:00,119.7,1
pert-josh,M3@bmm,3,288,6690,1,567,NULL,1316391,1316391,1316391,1316396,LIMIT,SELL,1,665,2018-08-31T04:14:46.657,2018-08-31T04:14:52.733,,14:46.7,4:14:46,0,750,#N/A,#N/A,0:02:03,122.61,-1
pert-josh,M2@bmm,2,288,6690,1,567,NULL,1316392,1316392,1316392,1316490,LIMIT,SELL,1,685,2018-08-31T04:14:48.231,2018-08-31T04:16:22.888,,14:48.2,4:14:48,0,750,#N/A,#N/A,0:02:04,124.18,-1
pert-josh,M7@bmm,7,288,6690,1,567,NULL,1316393,1316338,1316338,1316338,CANCEL,BUY,1,570,2018-08-31T04:14:49.369,2018-08-31T04:14:49.373,,14:49.4,4:14:49,0,750,#N/A,#N/A,0:02:05,125.32,1
pert-josh,M1@bmm,1,288,6690,1,567,NULL,1316394,1316394,1316394,1316439,LIMIT,SELL,1,635,2018-08-31T04:14:50.410,2018-08-31T04:15:31.268,,14:50.4,4:14:50,0,750,#N/A,#N/A,0:02:06,126.36,-1
pert-josh,M8@bmm,8,288,6690,1,567,NULL,1316395,1316395,1316395,1316403,LIMIT,BUY,1,615,2018-08-31T04:14:50.804,2018-08-31T04:14:54.993,,14:50.8,4:14:50,0,750,#N/A,#N/A,0:02:07,126.76,1
pert-josh,M3@bmm,3,288,6690,1,567,NULL,1316396,1316391,1316391,1316391,CANCEL,SELL,1,665,2018-08-31T04:14:52.729,2018-08-31T04:14:52.733,,14:52.7,4:14:52,0,750,#N/A,#N/A,0:02:09,128.68,-1
pert-josh,M6@bmm,6,288,6690,1,567,NULL,1316397,1316397,1316397,0,LIMIT,SELL,1,445,2018-08-31T04:14:53.036,2018-08-31T04:14:53.043,,14:53.0,4:14:53,0,750,#N/A,#N/A,0:02:09,128.99,-1
pert-josh,M6@bmm,6,288,6690,1,567,NULL,1316398,1316397,1316397,1316389,LIMIT,SELL,1,615,2018-08-31T04:14:53.040,2018-08-31T04:14:53.043,,14:53.0,4:14:53,1,750,615,-135,0:02:09,128.99,-1
pert-josh,M8@bmm,8,288,6690,1,567,NULL,1316399,1316399,1316399,1316409,LIMIT,BUY,1,615,2018-08-31T04:14:53.637,2018-08-31T04:14:57.137,,14:53.6,4:14:53,0,750,#N/A,#N/A,0:02:10,129.59,1
pert-josh,M8@bmm,8,288,6690,1,567,NULL,1316400,1316400,1316400,1316414,LIMIT,BUY,1,615,2018-08-31T04:14:54.173,2018-08-31T04:14:59.810,,14:54.2,4:14:54,0,750,#N/A,#N/A,0:02:10,130.13,1
pert-josh,M8@bmm,8,288,6690,1,567,NULL,1316401,1316401,1316401,1316417,LIMIT,BUY,1,615,2018-08-31T04:14:54.644,2018-08-31T04:15:01.043,,14:54.6,4:14:54,0,750,#N/A,#N/A,0:02:11,130.6,1
pert-josh,M6@bmm,6,288,6690,1,567,NULL,1316402,1316402,1316402,0,LIMIT,SELL,1,445,2018-08-31T04:14:54.986,2018-08-31T04:14:54.993,,14:55.0,4:14:54,0,750,#N/A,#N/A,0:02:11,130.94,-1
pert-josh,M6@bmm,6,288,6690,1,567,NULL,1316403,1316402,1316402,1316395,LIMIT,SELL,1,615,2018-08-31T04:14:54.990,2018-08-31T04:14:54.993,,14:55.0,4:14:54,1,750,615,-135,0:02:11,130.94,-1
pert-josh,M8@bmm,8,288,6690,1,567,NULL,1316404,1316404,1316404,1316438,LIMIT,BUY,1,615,2018-08-31T04:14:56.332,2018-08-31T04:15:25.371,,14:56.3,4:14:56,0,750,#N/A,#N/A,0:02:12,132.29,1
pert-josh,M8@bmm,8,288,6690,1,567,NULL,1316405,1316405,1316405,1316466,LIMIT,BUY,1,615,2018-08-31T04:14:56.565,2018-08-31T04:15:49.613,,14:56.6,4:14:56,0,750,#N/A,#N/A,0:02:13,132.52,1
pert-josh,M8@bmm,8,288,6690,1,567,NULL,1316406,1316406,1316406,1316464,LIMIT,BUY,1,615,2018-08-31T04:14:56.799,2018-08-31T04:15:48.587,,14:56.8,4:14:56,0,750,#N/A,#N/A,0:02:13,132.75,1
pert-josh,M8@bmm,8,288,6690,1,567,NULL,1316407,1316407,1316407,1316460,LIMIT,BUY,1,615,2018-08-31T04:14:57.030,2018-08-31T04:15:48.260,,14:57.0,4:14:57,0,750,#N/A,#N/A,0:02:13,132.98,1
pert-josh,M6@bmm,6,288,6690,1,567,NULL,1316408,1316408,1316408,0,LIMIT,SELL,1,445,2018-08-31T04:14:57.130,2018-08-31T04:14:57.137,,14:57.1,4:14:57,0,750,#N/A,#N/A,0:02:13,133.08,-1
pert-josh,M6@bmm,6,288,6690,1,567,NULL,1316409,1316408,1316408,1316399,LIMIT,SELL,1,615,2018-08-31T04:14:57.134,2018-08-31T04:14:57.137,,14:57.1,4:14:57,1,750,615,-135,0:02:13,133.09,-1
pert-josh,M8@bmm,8,288,6690,1,567,NULL,1316410,1316410,1316410,1316453,LIMIT,BUY,1,615,2018-08-31T04:14:58.317,2018-08-31T04:15:44.987,,14:58.3,4:14:58,0,750,#N/A,#N/A,0:02:14,134.27,1
pert-josh,M8@bmm,8,288,6690,1,567,NULL,1316411,1316411,1316411,1316450,LIMIT,BUY,1,615,2018-08-31T04:14:58.561,2018-08-31T04:15:44.358,,14:58.6,4:14:58,0,750,#N/A,#N/A,0:02:15,134.52,1
pert-josh,M8@bmm,8,288,6690,1,567,NULL,1316412,1316412,1316412,1316448,LIMIT,BUY,1,615,2018-08-31T04:14:58.814,2018-08-31T04:15:43.566,,14:58.8,4:14:58,0,750,#N/A,#N/A,0:02:15,134.77,1
pert-josh,M6@bmm,6,288,6690,1,567,NULL,1316413,1316413,1316413,0,LIMIT,SELL,1,445,2018-08-31T04:14:59.803,2018-08-31T04:14:59.810,,14:59.8,4:14:59,0,750,#N/A,#N/A,0:02:16,135.76,-1
pert-josh,M6@bmm,6,288,6690,1,567,NULL,1316414,1316413,1316413,1316400,LIMIT,SELL,1,615,2018-08-31T04:14:59.807,2018-08-31T04:14:59.810,,14:59.8,4:14:59,1,750,615,-135,0:02:16,135.76,-1
pert-josh,M3@bmm,3,288,6690,1,567,NULL,1316415,1316415,1316415,1316508,LIMIT,SELL,1,685,2018-08-31T04:14:59.890,2018-08-31T04:17:04.256,,14:59.9,4:14:59,0,750,#N/A,#N/A,0:02:16,135.84,-1
pert-josh,M6@bmm,6,288,6690,1,567,NULL,1316416,1316416,1316416,0,LIMIT,SELL,1,445,2018-08-31T04:15:01.035,2018-08-31T04:15:01.043,,15:01.0,4:15:01,0,750,#N/A,#N/A,0:02:17,136.99,-1
pert-josh,M6@bmm,6,288,6690,1,567,NULL,1316417,1316416,1316416,1316401,LIMIT,SELL,1,615,2018-08-31T04:15:01.040,2018-08-31T04:15:01.043,,15:01.0,4:15:01,1,750,615,-135,0:02:17,136.99,-1
pert-josh,M8@bmm,8,288,6690,1,567,NULL,1316418,1316418,1316418,1316447,LIMIT,BUY,1,615,2018-08-31T04:15:02.070,2018-08-31T04:15:41.645,,15:02.1,4:15:02,0,750,#N/A,#N/A,0:02:18,138.02,1
pert-josh,M7@bmm,7,288,6690,1,567,NULL,1316419,1316419,1316419,1316433,LIMIT,BUY,1,620,2018-08-31T04:15:02.467,2018-08-31T04:15:18.970,,15:02.5,4:15:02,0,750,#N/A,#N/A,0:02:18,138.42,1
pert-josh,M5@bmm,5,288,6690,1,567,NULL,1316420,1316420,1316420,1316422,LIMIT,SELL,1,625,2018-08-31T04:15:06.873,2018-08-31T04:15:09.613,,15:06.9,4:15:06,0,750,#N/A,#N/A,0:02:23,142.83,-1
pert-josh,M6@bmm,6,288,6690,1,567,NULL,1316421,1316421,1316421,0,LIMIT,BUY,1,650,2018-08-31T04:15:09.603,2018-08-31T04:15:09.613,,15:09.6,4:15:09,0,750,#N/A,#N/A,0:02:26,145.56,1
pert-josh,M6@bmm,6,288,6690,1,567,NULL,1316422,1316421,1316421,1316420,LIMIT,BUY,1,625,2018-08-31T04:15:09.610,2018-08-31T04:15:09.613,,15:09.6,4:15:09,1,750,625,-125,0:02:26,145.56,1
pert-josh,M6@bmm,6,288,6690,1,567,NULL,1316423,1316423,1316423,0,LIMIT,BUY,1,650,2018-08-31T04:15:15.020,2018-08-31T04:15:15.027,,15:15.0,4:15:15,0,750,#N/A,#N/A,0:02:31,150.97,1
pert-josh,M6@bmm,6,288,6690,1,567,NULL,1316424,1316423,1316423,1316382,LIMIT,BUY,1,630,2018-08-31T04:15:15.024,2018-08-31T04:15:15.027,,15:15.0,4:15:15,1,750,630,-120,0:02:31,150.98,1
pert-josh,M7@bmm,7,288,6690,1,567,NULL,1316425,1316425,1316425,1316487,LIMIT,SELL,1,675,2018-08-31T04:15:16.883,2018-08-31T04:16:16.102,,15:16.9,4:15:16,0,750,#N/A,#N/A,0:02:33,152.84,-1
pert-josh,M8@bmm,8,288,6690,1,567,NULL,1316426,1316426,1316426,1316446,LIMIT,SELL,1,630,2018-08-31T04:15:17.541,2018-08-31T04:15:41.571,,15:17.5,4:15:17,0,750,#N/A,#N/A,0:02:33,153.5,-1
pert-josh,M8@bmm,8,288,6690,1,567,NULL,1316427,1316427,1316427,1316451,LIMIT,SELL,1,630,2018-08-31T04:15:17.778,2018-08-31T04:15:44.439,,15:17.8,4:15:17,0,750,#N/A,#N/A,0:02:34,153.73,-1
pert-josh,M8@bmm,8,288,6690,1,567,NULL,1316428,1316428,1316428,1316467,LIMIT,SELL,1,630,2018-08-31T04:15:18.013,2018-08-31T04:15:50.088,,15:18.0,4:15:18,0,750,#N/A,#N/A,0:02:34,153.97,-1
pert-josh,M8@bmm,8,288,6690,1,567,NULL,1316429,1316429,1316429,1316476,LIMIT,SELL,1,630,2018-08-31T04:15:18.167,2018-08-31T04:16:07.612,,15:18.2,4:15:18,0,750,#N/A,#N/A,0:02:34,154.12,-1
pert-josh,M8@bmm,8,288,6690,1,567,NULL,1316430,1316430,1316430,1316481,LIMIT,SELL,1,630,2018-08-31T04:15:18.356,2018-08-31T04:16:10.658,,15:18.4,4:15:18,0,750,#N/A,#N/A,0:02:34,154.31,-1
pert-josh,M8@bmm,8,288,6690,1,567,NULL,1316431,1316431,1316431,1316480,LIMIT,SELL,1,630,2018-08-31T04:15:18.860,2018-08-31T04:16:10.115,,15:18.9,4:15:18,0,750,#N/A,#N/A,0:02:35,154.81,-1
pert-josh,M6@bmm,6,288,6690,1,567,NULL,1316432,1316432,1316432,0,LIMIT,SELL,1,340,2018-08-31T04:15:18.962,2018-08-31T04:15:18.969,,15:19.0,4:15:18,0,750,#N/A,#N/A,0:02:35,154.92,-1
pert-josh,M6@bmm,6,288,6690,1,567,NULL,1316433,1316432,1316432,1316419,LIMIT,SELL,1,620,2018-08-31T04:15:18.966,2018-08-31T04:15:18.970,,15:19.0,4:15:18,1,750,620,-130,0:02:35,154.92,-1
pert-josh,M8@bmm,8,288,6690,1,567,NULL,1316434,1316434,1316434,1316478,LIMIT,SELL,1,630,2018-08-31T04:15:19.029,2018-08-31T04:16:09.808,,15:19.0,4:15:19,0,750,#N/A,#N/A,0:02:35,154.98,-1
pert-josh,M8@bmm,8,288,6690,1,567,NULL,1316435,1316435,1316435,1316477,LIMIT,SELL,1,630,2018-08-31T04:15:19.200,2018-08-31T04:16:08.846,,15:19.2,4:15:19,0,750,#N/A,#N/A,0:02:35,155.15,-1
pert-josh,M7@bmm,7,288,6690,1,567,NULL,1316436,1316376,1316376,1316376,CANCEL,SELL,1,700,2018-08-31T04:15:20.801,2018-08-31T04:15:20.805,,15:20.8,4:15:20,0,750,#N/A,#N/A,0:02:37,156.76,-1
pert-josh,M6@bmm,6,288,6690,1,567,NULL,1316437,1316437,1316437,0,LIMIT,SELL,1,340,2018-08-31T04:15:25.364,2018-08-31T04:15:25.371,,15:25.4,4:15:25,0,750,#N/A,#N/A,0:02:41,161.32,-1
pert-josh,M6@bmm,6,288,6690,1,567,NULL,1316438,1316437,1316437,1316404,LIMIT,SELL,1,615,2018-08-31T04:15:25.368,2018-08-31T04:15:25.371,,15:25.4,4:15:25,1,750,615,-135,0:02:41,161.32,-1
pert-josh,M1@bmm,1,288,6690,1,567,NULL,1316439,1316394,1316394,1316394,CANCEL,SELL,1,635,2018-08-31T04:15:31.264,2018-08-31T04:15:31.268,,15:31.3,4:15:31,0,750,#N/A,#N/A,0:02:47,167.22,-1
pert-josh,M7@bmm,7,288,6690,1,567,NULL,1316440,1316440,1316440,1316526,LIMIT,BUY,1,620,2018-08-31T04:15:31.971,2018-08-31T04:17:18.912,,15:32.0,4:15:31,0,750,#N/A,#N/A,0:02:48,167.93,1
pert-josh,M3@bmm,3,288,6690,1,567,NULL,1316441,1316341,1316341,1316341,CANCEL,BUY,1,550,2018-08-31T04:15:32.031,2018-08-31T04:15:32.036,,15:32.0,4:15:32,0,750,#N/A,#N/A,0:02:48,167.98,1
pert-josh,M5@bmm,5,288,6690,1,567,NULL,1316442,1316442,1316442,1316443,LIMIT,SELL,1,625,2018-08-31T04:15:35.792,2018-08-31T04:15:35.871,,15:35.8,4:15:35,0,750,#N/A,#N/A,0:02:52,171.75,-1
pert-josh,M8@bmm,8,288,6690,1,567,NULL,1316443,1316443,1316443,1316442,LIMIT,BUY,1,625,2018-08-31T04:15:35.867,2018-08-31T04:15:35.871,,15:35.9,4:15:35,1,750,625,-125,0:02:52,171.82,1
pert-josh,M8@bmm,8,288,6690,1,567,NULL,1316444,1316444,1316444,1316463,LIMIT,BUY,1,625,2018-08-31T04:15:39.009,2018-08-31T04:15:48.443,,15:39.0,4:15:39,0,750,#N/A,#N/A,0:02:55,174.96,1
pert-josh,M6@bmm,6,288,6690,1,567,NULL,1316445,1316445,1316445,0,LIMIT,BUY,1,640,2018-08-31T04:15:41.563,2018-08-31T04:15:41.570,,15:41.6,4:15:41,0,750,#N/A,#N/A,0:02:58,177.52,1
pert-josh,M6@bmm,6,288,6690,1,567,NULL,1316446,1316445,1316445,1316426,LIMIT,BUY,1,630,2018-08-31T04:15:41.568,2018-08-31T04:15:41.571,,15:41.6,4:15:41,1,750,630,-120,0:02:58,177.52,1
pert-josh,M8@bmm,8,288,6690,1,567,NULL,1316447,1316418,1316418,1316418,CANCEL,BUY,1,615,2018-08-31T04:15:41.641,2018-08-31T04:15:41.645,,15:41.6,4:15:41,0,750,#N/A,#N/A,0:02:58,177.6,1
pert-josh,M8@bmm,8,288,6690,1,567,NULL,1316448,1316412,1316412,1316412,CANCEL,BUY,1,615,2018-08-31T04:15:43.561,2018-08-31T04:15:43.565,,15:43.6,4:15:43,0,750,#N/A,#N/A,0:03:00,179.52,1
pert-josh,M8@bmm,8,288,6690,1,567,NULL,1316449,1316412,1316412,1316449,CANCEL,BUY,1,615,2018-08-31T04:15:43.735,2018-08-31T04:15:43.739,,15:43.7,4:15:43,0,750,#N/A,#N/A,0:03:00,179.69,1
pert-josh,M8@bmm,8,288,6690,1,567,NULL,1316450,1316411,1316411,1316411,CANCEL,BUY,1,615,2018-08-31T04:15:44.353,2018-08-31T04:15:44.357,,15:44.4,4:15:44,0,750,#N/A,#N/A,0:03:00,180.31,1
pert-josh,M5@bmm,5,288,6690,1,567,NULL,1316451,1316451,1316451,1316427,LIMIT,BUY,1,630,2018-08-31T04:15:44.434,2018-08-31T04:15:44.439,,15:44.4,4:15:44,1,750,630,-120,0:03:00,180.39,1
pert-josh,M8@bmm,8,288,6690,1,567,NULL,1316452,1316411,1316411,1316452,CANCEL,BUY,1,615,2018-08-31T04:15:44.511,2018-08-31T04:15:44.515,,15:44.5,4:15:44,0,750,#N/A,#N/A,0:03:00,180.47,1
pert-josh,M8@bmm,8,288,6690,1,567,NULL,1316453,1316410,1316410,1316410,CANCEL,BUY,1,615,2018-08-31T04:15:44.984,2018-08-31T04:15:44.987,,15:45.0,4:15:44,0,750,#N/A,#N/A,0:03:01,180.94,1
pert-josh,M8@bmm,8,288,6690,1,567,NULL,1316454,1316454,1316454,1316471,LIMIT,BUY,1,625,2018-08-31T04:15:45.755,2018-08-31T04:15:54.464,,15:45.8,4:15:45,0,750,#N/A,#N/A,0:03:02,181.71,1
pert-josh,M8@bmm,8,288,6690,1,567,NULL,1316455,1316455,1316455,1316473,LIMIT,BUY,1,625,2018-08-31T04:15:45.942,2018-08-31T04:15:57.181,,15:45.9,4:15:45,0,750,#N/A,#N/A,0:03:02,181.9,1
pert-josh,M8@bmm,8,288,6690,1,567,NULL,1316456,1316456,1316456,1316474,LIMIT,BUY,1,625,2018-08-31T04:15:46.112,2018-08-31T04:15:58.845,,15:46.1,4:15:46,0,750,#N/A,#N/A,0:03:02,182.07,1
pert-josh,M8@bmm,8,288,6690,1,567,NULL,1316457,1316457,1316457,1316484,LIMIT,BUY,1,625,2018-08-31T04:15:46.275,2018-08-31T04:16:11.188,,15:46.3,4:15:46,0,750,#N/A,#N/A,0:03:02,182.23,1
pert-josh,M8@bmm,8,288,6690,1,567,NULL,1316458,1316458,1316458,1316525,LIMIT,BUY,1,625,2018-08-31T04:15:46.473,2018-08-31T04:17:18.451,,15:46.5,4:15:46,0,750,#N/A,#N/A,0:03:02,182.43,1
pert-josh,M1@bmm,1,288,6690,1,567,NULL,1316459,1316337,1316337,1316337,CANCEL,SELL,1,665,2018-08-31T04:15:47.548,2018-08-31T04:15:47.552,,15:47.5,4:15:47,0,750,#N/A,#N/A,0:03:04,183.5,-1
pert-josh,M8@bmm,8,288,6690,1,567,NULL,1316460,1316407,1316407,1316407,CANCEL,BUY,1,615,2018-08-31T04:15:48.256,2018-08-31T04:15:48.260,,15:48.3,4:15:48,0,750,#N/A,#N/A,0:03:04,184.21,1
pert-josh,M8@bmm,8,288,6690,1,567,NULL,1316461,1316407,1316407,1316461,CANCEL,BUY,1,615,2018-08-31T04:15:48.416,2018-08-31T04:15:48.420,,15:48.4,4:15:48,0,750,#N/A,#N/A,0:03:04,184.37,1
pert-josh,M6@bmm,6,288,6690,1,567,NULL,1316462,1316462,1316462,0,LIMIT,SELL,1,415,2018-08-31T04:15:48.436,2018-08-31T04:15:48.443,,15:48.4,4:15:48,0,750,#N/A,#N/A,0:03:04,184.39,-1
pert-josh,M6@bmm,6,288,6690,1,567,NULL,1316463,1316462,1316462,1316444,LIMIT,SELL,1,625,2018-08-31T04:15:48.440,2018-08-31T04:15:48.443,,15:48.4,4:15:48,1,750,625,-125,0:03:04,184.39,-1
pert-josh,M8@bmm,8,288,6690,1,567,NULL,1316464,1316406,1316406,1316406,CANCEL,BUY,1,615,2018-08-31T04:15:48.583,2018-08-31T04:15:48.587,,15:48.6,4:15:48,0,750,#N/A,#N/A,0:03:05,184.54,1
pert-josh,M8@bmm,8,288,6690,1,567,NULL,1316465,1316406,1316406,1316465,CANCEL,BUY,1,615,2018-08-31T04:15:48.786,2018-08-31T04:15:48.791,,15:48.8,4:15:48,0,750,#N/A,#N/A,0:03:05,184.74,1
pert-josh,M8@bmm,8,288,6690,1,567,NULL,1316466,1316405,1316405,1316405,CANCEL,BUY,1,615,2018-08-31T04:15:49.609,2018-08-31T04:15:49.613,,15:49.6,4:15:49,0,750,#N/A,#N/A,0:03:06,185.56,1
pert-josh,M7@bmm,7,288,6690,1,567,NULL,1316467,1316467,1316467,1316428,LIMIT,BUY,1,630,2018-08-31T04:15:50.083,2018-08-31T04:15:50.088,,15:50.1,4:15:50,1,750,630,-120,0:03:06,186.04,1
pert-josh,M8@bmm,8,288,6690,1,567,NULL,1316468,1316468,1316468,1316523,LIMIT,BUY,1,625,2018-08-31T04:15:50.845,2018-08-31T04:17:17.494,,15:50.8,4:15:50,0,750,#N/A,#N/A,0:03:07,186.8,1
pert-josh,M8@bmm,8,288,6690,1,567,NULL,1316469,1316469,1316469,1316514,LIMIT,BUY,1,625,2018-08-31T04:15:51.067,2018-08-31T04:17:11.041,,15:51.1,4:15:51,0,750,#N/A,#N/A,0:03:07,187.02,1
pert-josh,M8@bmm,8,288,6690,1,567,NULL,1316470,1316470,1316470,1316502,LIMIT,BUY,1,625,2018-08-31T04:15:51.379,2018-08-31T04:17:01.679,,15:51.4,4:15:51,0,750,#N/A,#N/A,0:03:07,187.33,1
pert-josh,M1@bmm,1,288,6690,1,567,NULL,1316471,1316471,1316471,1316454,LIMIT,SELL,1,625,2018-08-31T04:15:54.459,2018-08-31T04:15:54.464,,15:54.5,4:15:54,1,750,625,-125,0:03:10,190.41,-1
pert-josh,M7@bmm,7,288,6690,1,567,NULL,1316472,1316472,1316472,NULL,LIMIT,BUY,1,625,2018-08-31T04:15:56.787,2018-08-31T04:15:56.790,,15:56.8,4:15:56,0,750,#N/A,#N/A,0:03:13,192.74,1
pert-josh,M1@bmm,1,288,6690,1,567,NULL,1316473,1316473,1316473,1316455,LIMIT,SELL,1,625,2018-08-31T04:15:57.177,2018-08-31T04:15:57.181,,15:57.2,4:15:57,1,750,625,-125,0:03:13,193.13,-1
pert-josh,M5@bmm,5,288,6690,1,567,NULL,1316474,1316474,1316474,1316456,LIMIT,SELL,1,625,2018-08-31T04:15:58.840,2018-08-31T04:15:58.845,,15:58.8,4:15:58,1,750,625,-125,0:03:15,194.79,-1
pert-josh,M6@bmm,6,288,6690,1,567,NULL,1316475,1316475,1316475,0,LIMIT,BUY,1,810,2018-08-31T04:16:07.604,2018-08-31T04:16:07.612,,16:07.6,4:16:07,0,750,#N/A,#N/A,0:03:24,203.56,1
pert-josh,M6@bmm,6,288,6690,1,567,NULL,1316476,1316475,1316475,1316429,LIMIT,BUY,1,630,2018-08-31T04:16:07.609,2018-08-31T04:16:07.612,,16:07.6,4:16:07,1,750,630,-120,0:03:24,203.56,1
pert-josh,M8@bmm,8,288,6690,1,567,NULL,1316477,1316435,1316435,1316435,CANCEL,SELL,1,630,2018-08-31T04:16:08.842,2018-08-31T04:16:08.846,,16:08.8,4:16:08,0,750,#N/A,#N/A,0:03:25,204.8,-1
pert-josh,M8@bmm,8,288,6690,1,567,NULL,1316478,1316434,1316434,1316434,CANCEL,SELL,1,630,2018-08-31T04:16:09.804,2018-08-31T04:16:09.808,,16:09.8,4:16:09,0,750,#N/A,#N/A,0:03:26,205.76,-1
pert-josh,M8@bmm,8,288,6690,1,567,NULL,1316479,1316434,1316434,1316479,CANCEL,SELL,1,630,2018-08-31T04:16:09.961,2018-08-31T04:16:09.966,,16:10.0,4:16:09,0,750,#N/A,#N/A,0:03:26,205.92,-1
pert-josh,M8@bmm,8,288,6690,1,567,NULL,1316480,1316431,1316431,1316431,CANCEL,SELL,1,630,2018-08-31T04:16:10.111,2018-08-31T04:16:10.115,,16:10.1,4:16:10,0,750,#N/A,#N/A,0:03:26,206.06,-1
pert-josh,M8@bmm,8,288,6690,1,567,NULL,1316481,1316430,1316430,1316430,CANCEL,SELL,1,630,2018-08-31T04:16:10.650,2018-08-31T04:16:10.657,,16:10.6,4:16:10,0,750,#N/A,#N/A,0:03:27,206.6,-1
pert-josh,M8@bmm,8,288,6690,1,567,NULL,1316482,1316430,1316430,1316482,CANCEL,SELL,1,630,2018-08-31T04:16:10.831,2018-08-31T04:16:10.835,,16:10.8,4:16:10,0,750,#N/A,#N/A,0:03:27,206.79,-1
pert-josh,M6@bmm,6,288,6690,1,567,NULL,1316483,1316483,1316483,0,LIMIT,SELL,1,260,2018-08-31T04:16:11.180,2018-08-31T04:16:11.187,,16:11.2,4:16:11,0,750,#N/A,#N/A,0:03:27,207.13,-1
pert-josh,M6@bmm,6,288,6690,1,567,NULL,1316484,1316483,1316483,1316457,LIMIT,SELL,1,625,2018-08-31T04:16:11.184,2018-08-31T04:16:11.188,,16:11.2,4:16:11,1,750,625,-125,0:03:27,207.14,-1
pert-josh,M1@bmm,1,288,6690,1,567,NULL,1316485,1316485,1316485,1316486,LIMIT,SELL,1,630,2018-08-31T04:16:11.330,2018-08-31T04:16:14.238,,16:11.3,4:16:11,0,750,#N/A,#N/A,0:03:27,207.28,-1
pert-josh,M5@bmm,5,288,6690,1,567,NULL,1316486,1316486,1316486,1316485,LIMIT,BUY,1,630,2018-08-31T04:16:14.233,2018-08-31T04:16:14.238,,16:14.2,4:16:14,1,750,630,-120,0:03:30,210.19,1
pert-josh,M7@bmm,7,288,6690,1,567,NULL,1316487,1316425,1316425,1316425,CANCEL,SELL,1,675,2018-08-31T04:16:16.098,2018-08-31T04:16:16.102,,16:16.1,4:16:16,0,750,#N/A,#N/A,0:03:32,212.05,-1
pert-josh,M8@bmm,8,288,6690,1,567,NULL,1316488,1316488,1316488,1316501,LIMIT,BUY,1,625,2018-08-31T04:16:18.670,2018-08-31T04:17:01.214,,16:18.7,4:16:18,0,750,#N/A,#N/A,0:03:35,214.62,1
pert-josh,M1@bmm,1,288,6690,1,567,NULL,1316489,1316489,1316489,1316498,LIMIT,SELL,1,650,2018-08-31T04:16:19.234,2018-08-31T04:16:53.427,,16:19.2,4:16:19,0,750,#N/A,#N/A,0:03:35,215.19,-1
pert-josh,M2@bmm,2,288,6690,1,567,NULL,1316490,1316392,1316392,1316392,CANCEL,SELL,1,685,2018-08-31T04:16:22.883,2018-08-31T04:16:22.887,,16:22.9,4:16:22,0,750,#N/A,#N/A,0:03:39,218.84,-1
pert-josh,M8@bmm,8,288,6690,1,567,NULL,1316491,1316491,1316491,1316509,LIMIT,BUY,1,630,2018-08-31T04:16:29.870,2018-08-31T04:17:04.828,,16:29.9,4:16:29,0,750,#N/A,#N/A,0:03:46,225.82,1
pert-josh,M5@bmm,5,288,6690,1,567,NULL,1316492,1316492,1316492,1316493,LIMIT,SELL,1,635,2018-08-31T04:16:30.744,2018-08-31T04:16:32.826,,16:30.7,4:16:30,0,750,#N/A,#N/A,0:03:47,226.7,-1
pert-josh,M8@bmm,8,288,6690,1,567,NULL,1316493,1316493,1316493,1316492,LIMIT,BUY,1,635,2018-08-31T04:16:32.821,2018-08-31T04:16:32.826,,16:32.8,4:16:32,1,750,635,-115,0:03:49,228.77,1
pert-josh,M8@bmm,8,288,6690,1,567,NULL,1316494,1316494,1316494,1316496,LIMIT,BUY,1,635,2018-08-31T04:16:33.262,2018-08-31T04:16:48.232,,16:33.3,4:16:33,0,750,#N/A,#N/A,0:03:49,229.22,1
pert-josh,M6@bmm,6,288,6690,1,567,NULL,1316495,1316495,1316495,NULL,LIMIT,BUY,1,625,2018-08-31T04:16:36.587,2018-08-31T04:16:36.590,,16:36.6,4:16:36,0,750,#N/A,#N/A,0:03:53,232.54,1
pert-josh,M5@bmm,5,288,6690,1,567,NULL,1316496,1316496,1316496,1316494,LIMIT,SELL,1,635,2018-08-31T04:16:48.224,2018-08-31T04:16:48.232,,16:48.2,4:16:48,1,750,635,-115,0:04:04,244.18,-1
pert-josh,M7@bmm,7,288,6690,1,567,NULL,1316497,1316497,1316497,NULL,LIMIT,SELL,1,690,2018-08-31T04:16:50.412,2018-08-31T04:16:50.416,,16:50.4,4:16:50,0,750,#N/A,#N/A,0:04:06,246.37,-1
pert-josh,M8@bmm,8,288,6690,1,567,NULL,1316498,1316498,1316498,1316489,LIMIT,BUY,1,650,2018-08-31T04:16:53.422,2018-08-31T04:16:53.427,,16:53.4,4:16:53,1,750,650,-100,0:04:09,249.38,1
pert-josh,M7@bmm,7,288,6690,1,567,NULL,1316499,1316499,1316499,NULL,LIMIT,BUY,1,640,2018-08-31T04:16:57.660,2018-08-31T04:16:57.662,,16:57.7,4:16:57,0,750,#N/A,#N/A,0:04:14,253.61,1
pert-josh,M8@bmm,8,288,6690,1,567,NULL,1316500,1316500,1316500,1316527,LIMIT,BUY,1,645,2018-08-31T04:16:59.909,2018-08-31T04:17:18.941,,16:59.9,4:16:59,0,750,#N/A,#N/A,0:04:16,255.86,1
pert-josh,M8@bmm,8,288,6690,1,567,NULL,1316501,1316488,1316488,1316488,CANCEL,BUY,1,625,2018-08-31T04:17:01.210,2018-08-31T04:17:01.214,,17:01.2,4:17:01,0,750,#N/A,#N/A,0:04:17,257.16,1
pert-josh,M8@bmm,8,288,6690,1,567,NULL,1316502,1316470,1316470,1316470,CANCEL,BUY,1,625,2018-08-31T04:17:01.674,2018-08-31T04:17:01.679,,17:01.7,4:17:01,0,750,#N/A,#N/A,0:04:18,257.63,1
pert-josh,M8@bmm,8,288,6690,1,567,NULL,1316503,1316470,1316470,1316503,CANCEL,BUY,1,625,2018-08-31T04:17:01.863,2018-08-31T04:17:01.868,,17:01.9,4:17:01,0,750,#N/A,#N/A,0:04:18,257.82,1
pert-josh,M8@bmm,8,288,6690,1,567,NULL,1316504,1316504,1316504,1316524,LIMIT,BUY,1,645,2018-08-31T04:17:02.678,2018-08-31T04:17:17.990,,17:02.7,4:17:02,0,750,#N/A,#N/A,0:04:19,258.63,1
pert-josh,M8@bmm,8,288,6690,1,567,NULL,1316505,1316505,1316505,1316522,LIMIT,BUY,1,645,2018-08-31T04:17:02.882,2018-08-31T04:17:16.989,,17:02.9,4:17:02,0,750,#N/A,#N/A,0:04:19,258.84,1
pert-josh,M7@bmm,7,288,6690,1,567,NULL,1316506,1316506,1316506,1316518,LIMIT,BUY,1,650,2018-08-31T04:17:03.348,2018-08-31T04:17:13.654,,17:03.3,4:17:03,0,750,#N/A,#N/A,0:04:19,259.3,1
pert-josh,M6@bmm,6,288,6690,1,567,NULL,1316507,1316507,1316507,0,LIMIT,BUY,1,700,2018-08-31T04:17:04.246,2018-08-31T04:17:04.255,,17:04.2,4:17:04,0,750,#N/A,#N/A,0:04:20,260.2,1
pert-josh,M6@bmm,6,288,6690,1,567,NULL,1316508,1316507,1316507,1316415,LIMIT,BUY,1,685,2018-08-31T04:17:04.252,2018-08-31T04:17:04.256,,17:04.3,4:17:04,1,750,685,-65,0:04:20,260.21,1
pert-josh,M8@bmm,8,288,6690,1,567,NULL,1316509,1316491,1316491,1316491,CANCEL,BUY,1,630,2018-08-31T04:17:04.823,2018-08-31T04:17:04.828,,17:04.8,4:17:04,0,750,#N/A,#N/A,0:04:21,260.78,1
pert-josh,M8@bmm,8,288,6690,1,567,NULL,1316510,1316510,1316510,1316513,LIMIT,BUY,1,655,2018-08-31T04:17:06.694,2018-08-31T04:17:09.943,,17:06.7,4:17:06,0,750,#N/A,#N/A,0:04:23,262.65,1
pert-josh,M1@bmm,1,288,6690,1,567,NULL,1316511,1316511,1316511,NULL,LIMIT,SELL,1,680,2018-08-31T04:17:06.778,2018-08-31T04:17:06.780,,17:06.8,4:17:06,0,750,#N/A,#N/A,0:04:23,262.73,-1
pert-josh,M5@bmm,5,288,6690,1,567,NULL,1316512,1316512,1316512,0,LIMIT,SELL,1,650,2018-08-31T04:17:09.936,2018-08-31T04:17:09.943,,17:09.9,4:17:09,0,750,#N/A,#N/A,0:04:26,265.89,-1
pert-josh,M5@bmm,5,288,6690,1,567,NULL,1316513,1316512,1316512,1316510,LIMIT,SELL,1,655,2018-08-31T04:17:09.940,2018-08-31T04:17:09.943,,17:09.9,4:17:09,1,750,655,-95,0:04:26,265.89,-1
pert-josh,M8@bmm,8,288,6690,1,567,NULL,1316514,1316469,1316469,1316469,CANCEL,BUY,1,625,2018-08-31T04:17:11.036,2018-08-31T04:17:11.041,,17:11.0,4:17:11,0,750,#N/A,#N/A,0:04:27,266.99,1
pert-josh,M8@bmm,8,288,6690,1,567,NULL,1316515,1316469,1316469,1316515,CANCEL,BUY,1,625,2018-08-31T04:17:11.176,2018-08-31T04:17:11.181,,17:11.2,4:17:11,0,750,#N/A,#N/A,0:04:27,267.13,1
pert-josh,M7@bmm,7,288,6690,1,567,NULL,1316516,1316516,1316516,NULL,LIMIT,BUY,1,660,2018-08-31T04:17:11.636,2018-08-31T04:17:11.638,,17:11.6,4:17:11,0,750,#N/A,#N/A,0:04:28,267.59,1
pert-josh,M8@bmm,8,288,6690,1,567,NULL,1316517,1316517,1316517,1316520,LIMIT,BUY,1,655,2018-08-31T04:17:11.836,2018-08-31T04:17:16.092,,17:11.8,4:17:11,0,750,#N/A,#N/A,0:04:28,267.79,1
pert-josh,M7@bmm,7,288,6690,1,567,NULL,1316518,1316506,1316506,1316506,CANCEL,BUY,1,650,2018-08-31T04:17:13.650,2018-08-31T04:17:13.654,,17:13.6,4:17:13,0,750,#N/A,#N/A,0:04:30,269.6,1
pert-josh,M7@bmm,7,288,6690,1,567,NULL,1316519,1316357,1316357,1316357,CANCEL,BUY,1,585,2018-08-31T04:17:16.041,2018-08-31T04:17:16.045,,17:16.0,4:17:16,0,750,#N/A,#N/A,0:04:32,271.99,1
pert-josh,M8@bmm,8,288,6690,1,567,NULL,1316520,1316517,1316517,1316517,CANCEL,BUY,1,655,2018-08-31T04:17:16.088,2018-08-31T04:17:16.092,,17:16.1,4:17:16,0,750,#N/A,#N/A,0:04:32,272.04,1
pert-josh,M3@bmm,3,288,6690,1,567,NULL,1316521,1316521,1316521,NULL,LIMIT,SELL,1,700,2018-08-31T04:17:16.381,2018-08-31T04:17:16.383,,17:16.4,4:17:16,0,750,#N/A,#N/A,0:04:32,272.33,-1
pert-josh,M8@bmm,8,288,6690,1,567,NULL,1316522,1316505,1316505,1316505,CANCEL,BUY,1,645,2018-08-31T04:17:16.984,2018-08-31T04:17:16.989,,17:17.0,4:17:16,0,750,#N/A,#N/A,0:04:33,272.94,1
pert-josh,M8@bmm,8,288,6690,1,567,NULL,1316523,1316468,1316468,1316468,CANCEL,BUY,1,625,2018-08-31T04:17:17.465,2018-08-31T04:17:17.493,,17:17.5,4:17:17,0,750,#N/A,#N/A,0:04:33,273.42,1
pert-josh,M8@bmm,8,288,6690,1,567,NULL,1316524,1316504,1316504,1316504,CANCEL,BUY,1,645,2018-08-31T04:17:17.986,2018-08-31T04:17:17.990,,17:18.0,4:17:17,0,750,#N/A,#N/A,0:04:34,273.94,1
pert-josh,M8@bmm,8,288,6690,1,567,NULL,1316525,1316458,1316458,1316458,CANCEL,BUY,1,625,2018-08-31T04:17:18.446,2018-08-31T04:17:18.451,,17:18.4,4:17:18,0,750,#N/A,#N/A,0:04:34,274.4,1
pert-josh,M7@bmm,7,288,6690,1,567,NULL,1316526,1316440,1316440,1316440,CANCEL,BUY,1,620,2018-08-31T04:17:18.907,2018-08-31T04:17:18.912,,17:18.9,4:17:18,0,750,#N/A,#N/A,0:04:35,274.86,1
pert-josh,M8@bmm,8,288,6690,1,567,NULL,1316527,1316500,1316500,1316500,CANCEL,BUY,1,645,2018-08-31T04:17:18.937,2018-08-31T04:17:18.941,,17:18.9,4:17:18,0,750,#N/A,#N/A,0:04:35,274.89,1
pert-josh,M8@bmm,8,288,6690,1,567,NULL,1316528,1316528,1316528,NULL,LIMIT,BUY,1,665,2018-08-31T04:17:21.575,2018-08-31T04:17:21.577,,17:21.6,4:17:21,0,750,#N/A,#N/A,0:04:38,277.53,1
pert-josh,M8@bmm,8,288,6690,1,567,NULL,1316529,1316529,1316529,NULL,LIMIT,BUY,1,665,2018-08-31T04:17:21.797,2018-08-31T04:17:21.799,,17:21.8,4:17:21,0,750,#N/A,#N/A,0:04:38,277.75,1
pert-josh,M8@bmm,8,288,6690,1,567,NULL,1316530,1316530,1316530,NULL,LIMIT,BUY,1,665,2018-08-31T04:17:22.589,2018-08-31T04:17:22.591,,17:22.6,4:17:22,0,750,#N/A,#N/A,0:04:39,278.54,1
pert-josh,M2@bmm,2,288,6690,1,567,NULL,1316531,1316531,1316531,NULL,LIMIT,BUY,1,605,2018-08-31T04:17:23.974,2018-08-31T04:17:23.976,,17:24.0,4:17:23,0,750,#N/A,#N/A,0:04:40,279.93,1
pert-josh,M8@bmm,8,288,6691,2,567,NULL,1316532,1316532,1316532,1316541,LIMIT,BUY,1,540,2018-08-31T04:18:15.362,2018-08-31T04:18:25.736,,18:15.4,4:18:15,0,700,#N/A,#N/A,0:05:31,331.32,1
pert-josh,M7@bmm,7,288,6691,2,567,NULL,1316533,1316533,1316533,1316558,LIMIT,BUY,1,490,2018-08-31T04:18:15.979,2018-08-31T04:18:43.477,,18:16.0,4:18:15,0,700,#N/A,#N/A,0:05:32,331.93,1
pert-josh,M6@bmm,6,288,6691,2,567,NULL,1316534,1316534,1316534,1316651,LIMIT,BUY,11,480,2018-08-31T04:18:16.334,2018-08-31T04:20:04.079,,18:16.3,4:18:16,0,700,#N/A,#N/A,0:05:32,332.29,1
pert-josh,M7@bmm,7,288,6691,2,567,NULL,1316535,1316535,1316535,1316581,LIMIT,BUY,1,550,2018-08-31T04:18:20.117,2018-08-31T04:19:01.903,,18:20.1,4:18:20,0,700,#N/A,#N/A,0:05:36,336.07,1
pert-josh,M2@bmm,2,288,6691,2,567,NULL,1316536,1316536,1316536,1316545,LIMIT,SELL,1,590,2018-08-31T04:18:20.895,2018-08-31T04:18:28.091,,18:20.9,4:18:20,0,700,#N/A,#N/A,0:05:37,336.85,-1
pert-josh,M6@bmm,6,288,6691,2,567,NULL,1316537,1316537,1316537,1316653,LIMIT,BUY,11,430,2018-08-31T04:18:21.450,2018-08-31T04:20:05.791,,18:21.5,4:18:21,0,700,#N/A,#N/A,0:05:37,337.4,1
pert-josh,M7@bmm,7,288,6691,2,567,NULL,1316538,1316538,1316538,1316582,LIMIT,BUY,1,585,2018-08-31T04:18:23.270,2018-08-31T04:19:02.475,,18:23.3,4:18:23,0,700,#N/A,#N/A,0:05:39,339.22,1
pert-josh,M8@bmm,8,288,6691,2,567,NULL,1316539,1316539,1316539,1316542,LIMIT,BUY,1,555,2018-08-31T04:18:23.830,2018-08-31T04:18:26.358,,18:23.8,4:18:23,0,700,#N/A,#N/A,0:05:40,339.78,1
pert-josh,M4@bmm,4,288,6691,2,567,NULL,1316540,1316540,1316540,1316555,LIMIT,BUY,1,555,2018-08-31T04:18:25.198,2018-08-31T04:18:40.707,,18:25.2,4:18:25,0,700,#N/A,#N/A,0:05:41,341.15,1
pert-josh,M8@bmm,8,288,6691,2,567,NULL,1316541,1316532,1316532,1316532,CANCEL,BUY,1,540,2018-08-31T04:18:25.731,2018-08-31T04:18:25.736,,18:25.7,4:18:25,0,700,#N/A,#N/A,0:05:42,341.69,1
pert-josh,M8@bmm,8,288,6691,2,567,NULL,1316542,1316539,1316539,1316539,CANCEL,BUY,1,555,2018-08-31T04:18:26.354,2018-08-31T04:18:26.358,,18:26.4,4:18:26,0,700,#N/A,#N/A,0:05:42,342.31,1
pert-josh,M1@bmm,1,288,6691,2,567,NULL,1316543,1316543,1316543,1316564,LIMIT,SELL,1,620,2018-08-31T04:18:27.915,2018-08-31T04:18:53.441,,18:27.9,4:18:27,0,700,#N/A,#N/A,0:05:44,343.87,-1
pert-josh,M7@bmm,7,288,6691,2,567,NULL,1316544,1316544,1316544,0,LIMIT,BUY,1,595,2018-08-31T04:18:28.084,2018-08-31T04:18:28.091,,18:28.1,4:18:28,0,700,#N/A,#N/A,0:05:44,344.04,1
pert-josh,M7@bmm,7,288,6691,2,567,NULL,1316545,1316544,1316544,1316536,LIMIT,BUY,1,590,2018-08-31T04:18:28.088,2018-08-31T04:18:28.091,,18:28.1,4:18:28,1,700,590,-110,0:05:44,344.04,1
pert-josh,M8@bmm,8,288,6691,2,567,NULL,1316546,1316546,1316546,1316580,LIMIT,BUY,1,590,2018-08-31T04:18:30.381,2018-08-31T04:19:01.361,,18:30.4,4:18:30,0,700,#N/A,#N/A,0:05:46,346.34,1
pert-josh,M8@bmm,8,288,6691,2,567,NULL,1316547,1316547,1316547,1316579,LIMIT,BUY,1,590,2018-08-31T04:18:31.909,2018-08-31T04:19:00.690,,18:31.9,4:18:31,0,700,#N/A,#N/A,0:05:48,347.86,1
pert-josh,M8@bmm,8,288,6691,2,567,NULL,1316548,1316548,1316548,1316577,LIMIT,BUY,1,590,2018-08-31T04:18:32.389,2018-08-31T04:18:59.980,,18:32.4,4:18:32,0,700,#N/A,#N/A,0:05:48,348.34,1
pert-josh,M8@bmm,8,288,6691,2,567,NULL,1316549,1316549,1316549,1316574,LIMIT,BUY,1,590,2018-08-31T04:18:32.623,2018-08-31T04:18:59.161,,18:32.6,4:18:32,0,700,#N/A,#N/A,0:05:49,348.58,1
pert-josh,M8@bmm,8,288,6691,2,567,NULL,1316550,1316550,1316550,1316569,LIMIT,BUY,1,590,2018-08-31T04:18:32.855,2018-08-31T04:18:56.231,,18:32.9,4:18:32,0,700,#N/A,#N/A,0:05:49,348.81,1
pert-josh,M8@bmm,8,288,6691,2,567,NULL,1316551,1316551,1316551,1316567,LIMIT,BUY,1,590,2018-08-31T04:18:33.088,2018-08-31T04:18:55.751,,18:33.1,4:18:33,0,700,#N/A,#N/A,0:05:49,349.04,1
pert-josh,M7@bmm,7,288,6691,2,567,NULL,1316552,1316552,1316552,1316598,LIMIT,SELL,1,650,2018-08-31T04:18:34.116,2018-08-31T04:19:25.646,,18:34.1,4:18:34,0,700,#N/A,#N/A,0:05:50,350.07,-1
pert-josh,M8@bmm,8,288,6691,2,567,NULL,1316553,1316553,1316553,1316566,LIMIT,BUY,1,590,2018-08-31T04:18:37.533,2018-08-31T04:18:54.217,,18:37.5,4:18:37,0,700,#N/A,#N/A,0:05:53,353.49,1
pert-josh,M7@bmm,7,288,6691,2,567,NULL,1316554,1316554,1316554,1316557,LIMIT,BUY,1,610,2018-08-31T04:18:40.692,2018-08-31T04:18:42.363,,18:40.7,4:18:40,0,700,#N/A,#N/A,0:05:57,356.65,1
pert-josh,M4@bmm,4,288,6691,2,567,NULL,1316555,1316540,1316540,1316540,CANCEL,BUY,1,555,2018-08-31T04:18:40.703,2018-08-31T04:18:40.707,,18:40.7,4:18:40,0,700,#N/A,#N/A,0:05:57,356.66,1
pert-josh,M2@bmm,2,288,6691,2,567,NULL,1316556,1316556,1316556,0,LIMIT,SELL,1,605,2018-08-31T04:18:42.355,2018-08-31T04:18:42.363,,18:42.4,4:18:42,0,700,#N/A,#N/A,0:05:58,358.31,-1
pert-josh,M2@bmm,2,288,6691,2,567,NULL,1316557,1316556,1316556,1316554,LIMIT,SELL,1,610,2018-08-31T04:18:42.360,2018-08-31T04:18:42.363,,18:42.4,4:18:42,1,700,610,-90,0:05:58,358.31,-1
pert-josh,M7@bmm,7,288,6691,2,567,NULL,1316558,1316533,1316533,1316533,CANCEL,BUY,1,490,2018-08-31T04:18:43.473,2018-08-31T04:18:43.477,,18:43.5,4:18:43,0,700,#N/A,#N/A,0:05:59,359.43,1
pert-josh,M4@bmm,4,288,6691,2,567,NULL,1316559,1316559,1316559,1316633,LIMIT,BUY,1,595,2018-08-31T04:18:45.804,2018-08-31T04:19:42.046,,18:45.8,4:18:45,0,700,#N/A,#N/A,0:06:02,361.76,1
pert-josh,M5@bmm,5,288,6691,2,567,NULL,1316560,1316560,1316560,1316576,LIMIT,SELL,1,620,2018-08-31T04:18:48.364,2018-08-31T04:18:59.768,,18:48.4,4:18:48,0,700,#N/A,#N/A,0:06:04,364.32,-1
pert-josh,M7@bmm,7,288,6691,2,567,NULL,1316561,1316561,1316561,1316625,LIMIT,BUY,1,600,2018-08-31T04:18:49.501,2018-08-31T04:19:37.388,,18:49.5,4:18:49,0,700,#N/A,#N/A,0:06:05,365.46,1
pert-josh,M6@bmm,6,288,6691,2,567,NULL,1316562,1316562,1316562,1316647,LIMIT,BUY,2,575,2018-08-31T04:18:52.796,2018-08-31T04:20:01.944,,18:52.8,4:18:52,0,700,#N/A,#N/A,0:06:09,368.75,1
pert-josh,M8@bmm,8,288,6691,2,567,NULL,1316563,1316563,1316563,1316565,LIMIT,BUY,1,605,2018-08-31T04:18:52.861,2018-08-31T04:18:54.090,,18:52.9,4:18:52,0,700,#N/A,#N/A,0:06:09,368.82,1
pert-josh,M7@bmm,7,288,6691,2,567,NULL,1316564,1316564,1316564,1316543,LIMIT,BUY,1,620,2018-08-31T04:18:53.435,2018-08-31T04:18:53.441,,18:53.4,4:18:53,1,700,620,-80,0:06:09,369.39,1
pert-josh,M2@bmm,2,288,6691,2,567,NULL,1316565,1316565,1316565,1316563,LIMIT,SELL,1,605,2018-08-31T04:18:54.085,2018-08-31T04:18:54.090,,18:54.1,4:18:54,1,700,605,-95,0:06:10,370.04,-1
pert-josh,M8@bmm,8,288,6691,2,567,NULL,1316566,1316553,1316553,1316553,CANCEL,BUY,1,590,2018-08-31T04:18:54.212,2018-08-31T04:18:54.216,,18:54.2,4:18:54,0,700,#N/A,#N/A,0:06:10,370.17,1
pert-josh,M8@bmm,8,288,6691,2,567,NULL,1316567,1316551,1316551,1316551,CANCEL,BUY,1,590,2018-08-31T04:18:55.747,2018-08-31T04:18:55.751,,18:55.7,4:18:55,0,700,#N/A,#N/A,0:06:12,371.7,1
pert-josh,M8@bmm,8,288,6691,2,567,NULL,1316568,1316551,1316551,1316568,CANCEL,BUY,1,590,2018-08-31T04:18:55.989,2018-08-31T04:18:55.992,,18:56.0,4:18:55,0,700,#N/A,#N/A,0:06:12,371.94,1
pert-josh,M8@bmm,8,288,6691,2,567,NULL,1316569,1316550,1316550,1316550,CANCEL,BUY,1,590,2018-08-31T04:18:56.227,2018-08-31T04:18:56.231,,18:56.2,4:18:56,0,700,#N/A,#N/A,0:06:12,372.18,1
pert-josh,M1@bmm,1,288,6691,2,567,NULL,1316570,1316570,1316570,1316632,LIMIT,BUY,1,590,2018-08-31T04:18:57.207,2018-08-31T04:19:38.438,,18:57.2,4:18:57,0,700,#N/A,#N/A,0:06:13,373.16,1
pert-josh,M8@bmm,8,288,6691,2,567,NULL,1316571,1316571,1316571,1316624,LIMIT,BUY,1,605,2018-08-31T04:18:57.421,2018-08-31T04:19:36.305,,18:57.4,4:18:57,0,700,#N/A,#N/A,0:06:13,373.37,1
pert-josh,M8@bmm,8,288,6691,2,567,NULL,1316572,1316572,1316572,1316620,LIMIT,BUY,1,605,2018-08-31T04:18:57.590,2018-08-31T04:19:34.296,,18:57.6,4:18:57,0,700,#N/A,#N/A,0:06:14,373.54,1
pert-josh,M8@bmm,8,288,6691,2,567,NULL,1316573,1316573,1316573,1316613,LIMIT,BUY,1,605,2018-08-31T04:18:57.748,2018-08-31T04:19:31.967,,18:57.7,4:18:57,0,700,#N/A,#N/A,0:06:14,373.7,1
pert-josh,M8@bmm,8,288,6691,2,567,NULL,1316574,1316549,1316549,1316549,CANCEL,BUY,1,590,2018-08-31T04:18:59.157,2018-08-31T04:18:59.161,,18:59.2,4:18:59,0,700,#N/A,#N/A,0:06:15,375.11,1
pert-josh,M8@bmm,8,288,6691,2,567,NULL,1316575,1316549,1316549,1316575,CANCEL,BUY,1,590,2018-08-31T04:18:59.297,2018-08-31T04:18:59.301,,18:59.3,4:18:59,0,700,#N/A,#N/A,0:06:15,375.25,1
pert-josh,M7@bmm,7,288,6691,2,567,NULL,1316576,1316576,1316576,1316560,LIMIT,BUY,1,620,2018-08-31T04:18:59.764,2018-08-31T04:18:59.768,,18:59.8,4:18:59,1,700,620,-80,0:06:16,375.72,1
pert-josh,M8@bmm,8,288,6691,2,567,NULL,1316577,1316548,1316548,1316548,CANCEL,BUY,1,590,2018-08-31T04:18:59.977,2018-08-31T04:18:59.980,,19:00.0,4:18:59,0,700,#N/A,#N/A,0:06:16,375.93,1
pert-josh,M8@bmm,8,288,6691,2,567,NULL,1316578,1316548,1316548,1316578,CANCEL,BUY,1,590,2018-08-31T04:19:00.171,2018-08-31T04:19:00.174,,19:00.2,4:19:00,0,700,#N/A,#N/A,0:06:16,376.13,1
pert-josh,M8@bmm,8,288,6691,2,567,NULL,1316579,1316547,1316547,1316547,CANCEL,BUY,1,590,2018-08-31T04:19:00.685,2018-08-31T04:19:00.690,,19:00.7,4:19:00,0,700,#N/A,#N/A,0:06:17,376.64,1
pert-josh,M8@bmm,8,288,6691,2,567,NULL,1316580,1316546,1316546,1316546,CANCEL,BUY,1,590,2018-08-31T04:19:01.356,2018-08-31T04:19:01.360,,19:01.4,4:19:01,0,700,#N/A,#N/A,0:06:17,377.31,1
pert-josh,M7@bmm,7,288,6691,2,567,NULL,1316581,1316535,1316535,1316535,CANCEL,BUY,1,550,2018-08-31T04:19:01.898,2018-08-31T04:19:01.902,,19:01.9,4:19:01,0,700,#N/A,#N/A,0:06:18,377.85,1
pert-josh,M7@bmm,7,288,6691,2,567,NULL,1316582,1316538,1316538,1316538,CANCEL,BUY,1,585,2018-08-31T04:19:02.450,2018-08-31T04:19:02.474,,19:02.5,4:19:02,0,700,#N/A,#N/A,0:06:18,378.4,1
pert-josh,M8@bmm,8,288,6691,2,567,NULL,1316583,1316583,1316583,1316671,LIMIT,SELL,1,660,2018-08-31T04:19:08.863,2018-08-31T04:20:13.456,,19:08.9,4:19:08,0,700,#N/A,#N/A,0:06:25,384.82,-1
pert-josh,M8@bmm,8,288,6691,2,567,NULL,1316584,1316584,1316584,1316670,LIMIT,SELL,1,660,2018-08-31T04:19:09.735,2018-08-31T04:20:13.059,,19:09.7,4:19:09,0,700,#N/A,#N/A,0:06:26,385.69,-1
pert-josh,M8@bmm,8,288,6691,2,567,NULL,1316585,1316585,1316585,1316669,LIMIT,SELL,1,660,2018-08-31T04:19:09.877,2018-08-31T04:20:12.617,,19:09.9,4:19:09,0,700,#N/A,#N/A,0:06:26,385.83,-1
pert-josh,M8@bmm,8,288,6691,2,567,NULL,1316586,1316586,1316586,1316667,LIMIT,SELL,1,660,2018-08-31T04:19:10.038,2018-08-31T04:20:12.242,,19:10.0,4:19:10,0,700,#N/A,#N/A,0:06:26,385.99,-1
pert-josh,M8@bmm,8,288,6691,2,567,NULL,1316587,1316587,1316587,1316665,LIMIT,SELL,1,660,2018-08-31T04:19:10.181,2018-08-31T04:20:11.873,,19:10.2,4:19:10,0,700,#N/A,#N/A,0:06:26,386.14,-1
pert-josh,M8@bmm,8,288,6691,2,567,NULL,1316588,1316588,1316588,1316662,LIMIT,SELL,1,660,2018-08-31T04:19:10.352,2018-08-31T04:20:11.351,,19:10.4,4:19:10,0,700,#N/A,#N/A,0:06:26,386.31,-1
pert-josh,M8@bmm,8,288,6691,2,567,NULL,1316589,1316589,1316589,1316660,LIMIT,SELL,1,660,2018-08-31T04:19:10.502,2018-08-31T04:20:11.001,,19:10.5,4:19:10,0,700,#N/A,#N/A,0:06:26,386.46,-1
pert-josh,M7@bmm,7,288,6691,2,567,NULL,1316590,1316590,1316590,1316741,LIMIT,SELL,1,690,2018-08-31T04:19:11.132,2018-08-31T04:21:29.591,,19:11.1,4:19:11,0,700,#N/A,#N/A,0:06:27,387.09,-1
pert-josh,M8@bmm,8,288,6691,2,567,NULL,1316591,1316591,1316591,1316611,LIMIT,BUY,1,605,2018-08-31T04:19:15.966,2018-08-31T04:19:31.441,,19:16.0,4:19:15,0,700,#N/A,#N/A,0:06:32,391.92,1
pert-josh,M8@bmm,8,288,6691,2,567,NULL,1316592,1316592,1316592,1316606,LIMIT,BUY,1,605,2018-08-31T04:19:16.127,2018-08-31T04:19:28.718,,19:16.1,4:19:16,0,700,#N/A,#N/A,0:06:32,392.08,1
pert-josh,M8@bmm,8,288,6691,2,567,NULL,1316593,1316593,1316593,1316602,LIMIT,BUY,1,605,2018-08-31T04:19:16.268,2018-08-31T04:19:26.566,,19:16.3,4:19:16,0,700,#N/A,#N/A,0:06:32,392.22,1
pert-josh,M8@bmm,8,288,6691,2,567,NULL,1316594,1316594,1316594,1316600,LIMIT,BUY,1,605,2018-08-31T04:19:16.470,2018-08-31T04:19:26.024,,19:16.5,4:19:16,0,700,#N/A,#N/A,0:06:32,392.42,1
pert-josh,M1@bmm,1,288,6691,2,567,NULL,1316595,1316595,1316595,1316599,LIMIT,SELL,1,655,2018-08-31T04:19:17.631,2018-08-31T04:19:25.646,,19:17.6,4:19:17,0,700,#N/A,#N/A,0:06:34,393.58,-1
pert-josh,M7@bmm,7,288,6691,2,567,NULL,1316596,1316596,1316596,1316761,LIMIT,BUY,1,615,2018-08-31T04:19:20.093,2018-08-31T04:22:04.591,,19:20.1,4:19:20,0,700,#N/A,#N/A,0:06:36,396.05,1
pert-josh,M6@bmm,6,288,6691,2,567,NULL,1316597,1316597,1316597,0,LIMIT,BUY,2,665,2018-08-31T04:19:25.635,2018-08-31T04:19:25.646,,19:25.6,4:19:25,0,700,#N/A,#N/A,0:06:42,401.59,1
pert-josh,M6@bmm,6,288,6691,2,567,NULL,1316598,1316597,1316597,1316552,LIMIT,BUY,1,650,2018-08-31T04:19:25.640,2018-08-31T04:19:25.646,,19:25.6,4:19:25,1,700,650,-50,0:06:42,401.59,1
pert-josh,M6@bmm,6,288,6691,2,567,NULL,1316599,1316597,1316597,1316595,LIMIT,BUY,1,655,2018-08-31T04:19:25.643,2018-08-31T04:19:25.647,,19:25.6,4:19:25,1,700,655,-45,0:06:42,401.6,1
pert-josh,M8@bmm,8,288,6691,2,567,NULL,1316600,1316594,1316594,1316594,CANCEL,BUY,1,605,2018-08-31T04:19:26.021,2018-08-31T04:19:26.024,,19:26.0,4:19:26,0,700,#N/A,#N/A,0:06:42,401.98,1
pert-josh,M8@bmm,8,288,6691,2,567,NULL,1316601,1316594,1316594,1316601,CANCEL,BUY,1,605,2018-08-31T04:19:26.152,2018-08-31T04:19:26.157,,19:26.2,4:19:26,0,700,#N/A,#N/A,0:06:42,402.11,1
pert-josh,M8@bmm,8,288,6691,2,567,NULL,1316602,1316593,1316593,1316593,CANCEL,BUY,1,605,2018-08-31T04:19:26.562,2018-08-31T04:19:26.565,,19:26.6,4:19:26,0,700,#N/A,#N/A,0:06:43,402.52,1
pert-josh,M8@bmm,8,288,6691,2,567,NULL,1316603,1316593,1316593,1316603,CANCEL,BUY,1,605,2018-08-31T04:19:26.688,2018-08-31T04:19:26.692,,19:26.7,4:19:26,0,700,#N/A,#N/A,0:06:43,402.64,1
pert-josh,M8@bmm,8,288,6691,2,567,NULL,1316604,1316604,1316604,1316630,LIMIT,BUY,1,620,2018-08-31T04:19:27.312,2018-08-31T04:19:38.227,,19:27.3,4:19:27,0,700,#N/A,#N/A,0:06:43,403.27,1
pert-josh,M8@bmm,8,288,6691,2,567,NULL,1316605,1316605,1316605,1316637,LIMIT,BUY,1,620,2018-08-31T04:19:27.460,2018-08-31T04:19:43.646,,19:27.5,4:19:27,0,700,#N/A,#N/A,0:06:43,403.41,1
pert-josh,M8@bmm,8,288,6691,2,567,NULL,1316606,1316592,1316592,1316592,CANCEL,BUY,1,605,2018-08-31T04:19:28.714,2018-08-31T04:19:28.718,,19:28.7,4:19:28,0,700,#N/A,#N/A,0:06:45,404.67,1
pert-josh,M8@bmm,8,288,6691,2,567,NULL,1316607,1316592,1316592,1316607,CANCEL,BUY,1,605,2018-08-31T04:19:28.843,2018-08-31T04:19:28.847,,19:28.8,4:19:28,0,700,#N/A,#N/A,0:06:45,404.8,1
pert-josh,M1@bmm,1,288,6691,2,567,NULL,1316608,1316608,1316608,1316617,LIMIT,SELL,1,655,2018-08-31T04:19:29.062,2018-08-31T04:19:32.227,,19:29.1,4:19:29,0,700,#N/A,#N/A,0:06:45,405.02,-1
pert-josh,M8@bmm,8,288,6691,2,567,NULL,1316609,1316609,1316609,1316656,LIMIT,BUY,1,620,2018-08-31T04:19:29.729,2018-08-31T04:20:06.383,,19:29.7,4:19:29,0,700,#N/A,#N/A,0:06:46,405.68,1
pert-josh,M2@bmm,2,288,6691,2,567,NULL,1316610,1316610,1316610,1316698,LIMIT,BUY,1,600,2018-08-31T04:19:30.803,2018-08-31T04:20:36.393,,19:30.8,4:19:30,0,700,#N/A,#N/A,0:06:47,406.76,1
pert-josh,M8@bmm,8,288,6691,2,567,NULL,1316611,1316591,1316591,1316591,CANCEL,BUY,1,605,2018-08-31T04:19:31.437,2018-08-31T04:19:31.441,,19:31.4,4:19:31,0,700,#N/A,#N/A,0:06:47,407.39,1
pert-josh,M8@bmm,8,288,6691,2,567,NULL,1316612,1316591,1316591,1316612,CANCEL,BUY,1,605,2018-08-31T04:19:31.585,2018-08-31T04:19:31.588,,19:31.6,4:19:31,0,700,#N/A,#N/A,0:06:48,407.54,1
pert-josh,M8@bmm,8,288,6691,2,567,NULL,1316613,1316573,1316573,1316573,CANCEL,BUY,1,605,2018-08-31T04:19:31.963,2018-08-31T04:19:31.967,,19:32.0,4:19:31,0,700,#N/A,#N/A,0:06:48,407.92,1
pert-josh,M5@bmm,5,288,6691,2,567,NULL,1316614,1316614,1316614,1316616,LIMIT,SELL,1,650,2018-08-31T04:19:32.037,2018-08-31T04:19:32.227,,19:32.0,4:19:32,0,700,#N/A,#N/A,0:06:48,407.99,-1
pert-josh,M6@bmm,6,288,6691,2,567,NULL,1316615,1316615,1316615,0,LIMIT,BUY,2,665,2018-08-31T04:19:32.216,2018-08-31T04:19:32.227,,19:32.2,4:19:32,0,700,#N/A,#N/A,0:06:48,408.17,1
pert-josh,M6@bmm,6,288,6691,2,567,NULL,1316616,1316615,1316615,1316614,LIMIT,BUY,1,650,2018-08-31T04:19:32.220,2018-08-31T04:19:32.227,,19:32.2,4:19:32,1,700,650,-50,0:06:48,408.17,1
pert-josh,M6@bmm,6,288,6691,2,567,NULL,1316617,1316615,1316615,1316608,LIMIT,BUY,1,655,2018-08-31T04:19:32.223,2018-08-31T04:19:32.227,,19:32.2,4:19:32,1,700,655,-45,0:06:48,408.18,1
pert-josh,M8@bmm,8,288,6691,2,567,NULL,1316618,1316618,1316618,1316654,LIMIT,BUY,1,620,2018-08-31T04:19:32.421,2018-08-31T04:20:06.009,,19:32.4,4:19:32,0,700,#N/A,#N/A,0:06:48,408.37,1
pert-josh,M8@bmm,8,288,6691,2,567,NULL,1316619,1316619,1316619,1316631,LIMIT,BUY,1,620,2018-08-31T04:19:32.615,2018-08-31T04:19:38.351,,19:32.6,4:19:32,0,700,#N/A,#N/A,0:06:49,408.57,1
pert-josh,M8@bmm,8,288,6691,2,567,NULL,1316620,1316572,1316572,1316572,CANCEL,BUY,1,605,2018-08-31T04:19:34.292,2018-08-31T04:19:34.296,,19:34.3,4:19:34,0,700,#N/A,#N/A,0:06:50,410.25,1
pert-josh,M8@bmm,8,288,6691,2,567,NULL,1316621,1316572,1316572,1316621,CANCEL,BUY,1,605,2018-08-31T04:19:34.433,2018-08-31T04:19:34.437,,19:34.4,4:19:34,0,700,#N/A,#N/A,0:06:50,410.39,1
pert-josh,M7@bmm,7,288,6691,2,567,NULL,1316622,1316622,1316622,1316629,LIMIT,BUY,1,625,2018-08-31T04:19:34.964,2018-08-31T04:19:38.227,,19:35.0,4:19:34,0,700,#N/A,#N/A,0:06:51,410.92,1
pert-josh,M8@bmm,8,288,6691,2,567,NULL,1316623,1316623,1316623,1316626,LIMIT,BUY,1,620,2018-08-31T04:19:35.326,2018-08-31T04:19:37.799,,19:35.3,4:19:35,0,700,#N/A,#N/A,0:06:51,411.28,1
pert-josh,M8@bmm,8,288,6691,2,567,NULL,1316624,1316571,1316571,1316571,CANCEL,BUY,1,605,2018-08-31T04:19:36.301,2018-08-31T04:19:36.305,,19:36.3,4:19:36,0,700,#N/A,#N/A,0:06:52,412.26,1
pert-josh,M7@bmm,7,288,6691,2,567,NULL,1316625,1316561,1316561,1316561,CANCEL,BUY,1,600,2018-08-31T04:19:37.384,2018-08-31T04:19:37.388,,19:37.4,4:19:37,0,700,#N/A,#N/A,0:06:53,413.34,1
pert-josh,M8@bmm,8,288,6691,2,567,NULL,1316626,1316623,1316623,1316623,CANCEL,BUY,1,620,2018-08-31T04:19:37.795,2018-08-31T04:19:37.799,,19:37.8,4:19:37,0,700,#N/A,#N/A,0:06:54,413.75,1
pert-josh,M8@bmm,8,288,6691,2,567,NULL,1316627,1316623,1316623,1316627,CANCEL,BUY,1,620,2018-08-31T04:19:37.938,2018-08-31T04:19:37.941,,19:37.9,4:19:37,0,700,#N/A,#N/A,0:06:54,413.89,1
pert-josh,M6@bmm,6,288,6691,2,567,NULL,1316628,1316628,1316628,0,LIMIT,SELL,2,530,2018-08-31T04:19:38.210,2018-08-31T04:19:38.227,,19:38.2,4:19:38,0,700,#N/A,#N/A,0:06:54,414.16,-1
pert-josh,M6@bmm,6,288,6691,2,567,NULL,1316629,1316628,1316628,1316622,LIMIT,SELL,1,625,2018-08-31T04:19:38.214,2018-08-31T04:19:38.227,,19:38.2,4:19:38,1,700,625,-75,0:06:54,414.17,-1
pert-josh,M6@bmm,6,288,6691,2,567,NULL,1316630,1316628,1316628,1316604,LIMIT,SELL,1,620,2018-08-31T04:19:38.224,2018-08-31T04:19:38.227,,19:38.2,4:19:38,1,700,620,-80,0:06:54,414.18,-1
pert-josh,M8@bmm,8,288,6691,2,567,NULL,1316631,1316619,1316619,1316619,CANCEL,BUY,1,620,2018-08-31T04:19:38.347,2018-08-31T04:19:38.350,,19:38.3,4:19:38,0,700,#N/A,#N/A,0:06:54,414.3,1
pert-josh,M1@bmm,1,288,6691,2,567,NULL,1316632,1316570,1316570,1316570,CANCEL,BUY,1,590,2018-08-31T04:19:38.434,2018-08-31T04:19:38.438,,19:38.4,4:19:38,0,700,#N/A,#N/A,0:06:54,414.39,1
pert-josh,M4@bmm,4,288,6691,2,567,NULL,1316633,1316559,1316559,1316559,CANCEL,BUY,1,595,2018-08-31T04:19:42.043,2018-08-31T04:19:42.046,,19:42.0,4:19:42,0,700,#N/A,#N/A,0:06:58,418,1
pert-josh,M8@bmm,8,288,6691,2,567,NULL,1316634,1316634,1316634,1316652,LIMIT,BUY,1,620,2018-08-31T04:19:42.141,2018-08-31T04:20:05.715,,19:42.1,4:19:42,0,700,#N/A,#N/A,0:06:58,418.1,1
pert-josh,M8@bmm,8,288,6691,2,567,NULL,1316635,1316635,1316635,1316648,LIMIT,BUY,1,620,2018-08-31T04:19:42.311,2018-08-31T04:20:02.447,,19:42.3,4:19:42,0,700,#N/A,#N/A,0:06:58,418.26,1
pert-josh,M6@bmm,6,288,6691,2,567,NULL,1316636,1316636,1316636,0,LIMIT,SELL,1,530,2018-08-31T04:19:43.637,2018-08-31T04:19:43.646,,19:43.6,4:19:43,0,700,#N/A,#N/A,0:07:00,419.59,-1
pert-josh,M6@bmm,6,288,6691,2,567,NULL,1316637,1316636,1316636,1316605,LIMIT,SELL,1,620,2018-08-31T04:19:43.642,2018-08-31T04:19:43.646,,19:43.6,4:19:43,1,700,620,-80,0:07:00,419.6,-1
pert-josh,M7@bmm,7,288,6691,2,567,NULL,1316638,1316638,1316638,1316640,LIMIT,BUY,1,625,2018-08-31T04:19:45.341,2018-08-31T04:19:47.036,,19:45.3,4:19:45,0,700,#N/A,#N/A,0:07:01,421.3,1
pert-josh,M6@bmm,6,288,6691,2,567,NULL,1316639,1316639,1316639,0,LIMIT,SELL,1,530,2018-08-31T04:19:47.029,2018-08-31T04:19:47.036,,19:47.0,4:19:47,0,700,#N/A,#N/A,0:07:03,422.98,-1
pert-josh,M6@bmm,6,288,6691,2,567,NULL,1316640,1316639,1316639,1316638,LIMIT,SELL,1,625,2018-08-31T04:19:47.033,2018-08-31T04:19:47.036,,19:47.0,4:19:47,1,700,625,-75,0:07:03,422.99,-1
pert-josh,M1@bmm,1,288,6691,2,567,NULL,1316641,1316641,1316641,1316683,LIMIT,SELL,1,655,2018-08-31T04:19:48.111,2018-08-31T04:20:22.082,,19:48.1,4:19:48,0,700,#N/A,#N/A,0:07:04,424.07,-1
pert-josh,M7@bmm,7,288,6691,2,567,NULL,1316642,1316642,1316642,1316644,LIMIT,BUY,1,625,2018-08-31T04:19:52.517,2018-08-31T04:19:54.309,,19:52.5,4:19:52,0,700,#N/A,#N/A,0:07:08,428.47,1
pert-josh,M6@bmm,6,288,6691,2,567,NULL,1316643,1316643,1316643,0,LIMIT,SELL,1,530,2018-08-31T04:19:54.301,2018-08-31T04:19:54.309,,19:54.3,4:19:54,0,700,#N/A,#N/A,0:07:10,430.26,-1
pert-josh,M6@bmm,6,288,6691,2,567,NULL,1316644,1316643,1316643,1316642,LIMIT,SELL,1,625,2018-08-31T04:19:54.306,2018-08-31T04:19:54.309,,19:54.3,4:19:54,1,700,625,-75,0:07:10,430.26,-1
pert-josh,M7@bmm,7,288,6691,2,567,NULL,1316645,1316645,1316645,1316794,LIMIT,BUY,1,625,2018-08-31T04:19:58.285,2018-08-31T04:22:51.333,,19:58.3,4:19:58,0,700,#N/A,#N/A,0:07:14,434.24,1
pert-josh,M5@bmm,5,288,6691,2,567,NULL,1316646,1316646,1316646,1316673,LIMIT,SELL,1,650,2018-08-31T04:19:59.400,2018-08-31T04:20:14.470,,19:59.4,4:19:59,0,700,#N/A,#N/A,0:07:15,435.35,-1
pert-josh,M6@bmm,6,288,6691,2,567,NULL,1316647,1316562,1316562,1316562,CANCEL,BUY,2,575,2018-08-31T04:20:01.940,2018-08-31T04:20:01.944,,20:01.9,4:20:01,0,700,#N/A,#N/A,0:07:18,437.89,1
pert-josh,M8@bmm,8,288,6691,2,567,NULL,1316648,1316635,1316635,1316635,CANCEL,BUY,1,620,2018-08-31T04:20:02.443,2018-08-31T04:20:02.447,,20:02.4,4:20:02,0,700,#N/A,#N/A,0:07:18,438.4,1
pert-josh,M8@bmm,8,288,6691,2,567,NULL,1316649,1316635,1316635,1316649,CANCEL,BUY,1,620,2018-08-31T04:20:02.604,2018-08-31T04:20:02.610,,20:02.6,4:20:02,0,700,#N/A,#N/A,0:07:19,438.56,1
pert-josh,M8@bmm,8,288,6691,2,567,NULL,1316650,1316650,1316650,1316711,LIMIT,BUY,1,630,2018-08-31T04:20:04.056,2018-08-31T04:20:47.007,,20:04.1,4:20:04,0,700,#N/A,#N/A,0:07:20,440.01,1
pert-josh,M6@bmm,6,288,6691,2,567,NULL,1316651,1316534,1316534,1316534,CANCEL,BUY,11,480,2018-08-31T04:20:04.075,2018-08-31T04:20:04.079,,20:04.1,4:20:04,0,700,#N/A,#N/A,0:07:20,440.03,1
pert-josh,M8@bmm,8,288,6691,2,567,NULL,1316652,1316634,1316634,1316634,CANCEL,BUY,1,620,2018-08-31T04:20:05.710,2018-08-31T04:20:05.715,,20:05.7,4:20:05,0,700,#N/A,#N/A,0:07:22,441.66,1
pert-josh,M6@bmm,6,288,6691,2,567,NULL,1316653,1316537,1316537,1316537,CANCEL,BUY,11,430,2018-08-31T04:20:05.787,2018-08-31T04:20:05.791,,20:05.8,4:20:05,0,700,#N/A,#N/A,0:07:22,441.74,1
pert-josh,M8@bmm,8,288,6691,2,567,NULL,1316654,1316618,1316618,1316618,CANCEL,BUY,1,620,2018-08-31T04:20:06.005,2018-08-31T04:20:06.009,,20:06.0,4:20:06,0,700,#N/A,#N/A,0:07:22,441.96,1
pert-josh,M8@bmm,8,288,6691,2,567,NULL,1316655,1316618,1316618,1316655,CANCEL,BUY,1,620,2018-08-31T04:20:06.214,2018-08-31T04:20:06.218,,20:06.2,4:20:06,0,700,#N/A,#N/A,0:07:22,442.17,1
pert-josh,M8@bmm,8,288,6691,2,567,NULL,1316656,1316609,1316609,1316609,CANCEL,BUY,1,620,2018-08-31T04:20:06.380,2018-08-31T04:20:06.383,,20:06.4,4:20:06,0,700,#N/A,#N/A,0:07:22,442.33,1
pert-josh,M8@bmm,8,288,6691,2,567,NULL,1316657,1316657,1316657,1316691,LIMIT,BUY,1,630,2018-08-31T04:20:07.064,2018-08-31T04:20:32.097,,20:07.1,4:20:07,0,700,#N/A,#N/A,0:07:23,443.02,1
pert-josh,M8@bmm,8,288,6691,2,567,NULL,1316658,1316658,1316658,1316687,LIMIT,BUY,1,630,2018-08-31T04:20:07.195,2018-08-31T04:20:28.062,,20:07.2,4:20:07,0,700,#N/A,#N/A,0:07:23,443.15,1
pert-josh,M8@bmm,8,288,6691,2,567,NULL,1316659,1316659,1316659,1316684,LIMIT,BUY,1,630,2018-08-31T04:20:07.454,2018-08-31T04:20:27.744,,20:07.5,4:20:07,0,700,#N/A,#N/A,0:07:23,443.41,1
pert-josh,M8@bmm,8,288,6691,2,567,NULL,1316660,1316589,1316589,1316589,CANCEL,SELL,1,660,2018-08-31T04:20:10.996,2018-08-31T04:20:11,,20:11.0,4:20:10,0,700,#N/A,#N/A,0:07:27,446.95,-1
pert-josh,M8@bmm,8,288,6691,2,567,NULL,1316661,1316589,1316589,1316661,CANCEL,SELL,1,660,2018-08-31T04:20:11.181,2018-08-31T04:20:11.185,,20:11.2,4:20:11,0,700,#N/A,#N/A,0:07:27,447.14,-1
pert-josh,M8@bmm,8,288,6691,2,567,NULL,1316662,1316588,1316588,1316588,CANCEL,SELL,1,660,2018-08-31T04:20:11.347,2018-08-31T04:20:11.350,,20:11.3,4:20:11,0,700,#N/A,#N/A,0:07:27,447.3,-1
pert-josh,M8@bmm,8,288,6691,2,567,NULL,1316663,1316588,1316588,1316663,CANCEL,SELL,1,660,2018-08-31T04:20:11.524,2018-08-31T04:20:11.527,,20:11.5,4:20:11,0,700,#N/A,#N/A,0:07:27,447.48,-1
pert-josh,M7@bmm,7,288,6691,2,567,NULL,1316664,1316664,1316664,1316796,LIMIT,BUY,1,635,2018-08-31T04:20:11.699,2018-08-31T04:22:52.242,,20:11.7,4:20:11,0,700,#N/A,#N/A,0:07:28,447.65,1
pert-josh,M8@bmm,8,288,6691,2,567,NULL,1316665,1316587,1316587,1316587,CANCEL,SELL,1,660,2018-08-31T04:20:11.869,2018-08-31T04:20:11.873,,20:11.9,4:20:11,0,700,#N/A,#N/A,0:07:28,447.82,-1
pert-josh,M8@bmm,8,288,6691,2,567,NULL,1316666,1316587,1316587,1316666,CANCEL,SELL,1,660,2018-08-31T04:20:12.050,2018-08-31T04:20:12.055,,20:12.0,4:20:12,0,700,#N/A,#N/A,0:07:28,448,-1
pert-josh,M8@bmm,8,288,6691,2,567,NULL,1316667,1316586,1316586,1316586,CANCEL,SELL,1,660,2018-08-31T04:20:12.238,2018-08-31T04:20:12.242,,20:12.2,4:20:12,0,700,#N/A,#N/A,0:07:28,448.19,-1
pert-josh,M8@bmm,8,288,6691,2,567,NULL,1316668,1316586,1316586,1316668,CANCEL,SELL,1,660,2018-08-31T04:20:12.411,2018-08-31T04:20:12.415,,20:12.4,4:20:12,0,700,#N/A,#N/A,0:07:28,448.36,-1
pert-josh,M8@bmm,8,288,6691,2,567,NULL,1316669,1316585,1316585,1316585,CANCEL,SELL,1,660,2018-08-31T04:20:12.613,2018-08-31T04:20:12.616,,20:12.6,4:20:12,0,700,#N/A,#N/A,0:07:29,448.57,-1
pert-josh,M8@bmm,8,288,6691,2,567,NULL,1316670,1316584,1316584,1316584,CANCEL,SELL,1,660,2018-08-31T04:20:13.055,2018-08-31T04:20:13.059,,20:13.1,4:20:13,0,700,#N/A,#N/A,0:07:29,449.01,-1
pert-josh,M8@bmm,8,288,6691,2,567,NULL,1316671,1316583,1316583,1316583,CANCEL,SELL,1,660,2018-08-31T04:20:13.452,2018-08-31T04:20:13.456,,20:13.5,4:20:13,0,700,#N/A,#N/A,0:07:29,449.41,-1
pert-josh,M6@bmm,6,288,6691,2,567,NULL,1316672,1316672,1316672,0,LIMIT,BUY,1,720,2018-08-31T04:20:14.462,2018-08-31T04:20:14.470,,20:14.5,4:20:14,0,700,#N/A,#N/A,0:07:30,450.42,1
pert-josh,M6@bmm,6,288,6691,2,567,NULL,1316673,1316672,1316672,1316646,LIMIT,BUY,1,650,2018-08-31T04:20:14.467,2018-08-31T04:20:14.470,,20:14.5,4:20:14,1,700,650,-50,0:07:30,450.42,1
pert-josh,M7@bmm,7,288,6691,2,567,NULL,1316674,1316674,1316674,1316736,LIMIT,SELL,1,660,2018-08-31T04:20:17.716,2018-08-31T04:21:12.564,,20:17.7,4:20:17,0,700,#N/A,#N/A,0:07:34,453.67,-1
pert-josh,M8@bmm,8,288,6691,2,567,NULL,1316675,1316675,1316675,1316696,LIMIT,SELL,1,645,2018-08-31T04:20:18.408,2018-08-31T04:20:35.161,,20:18.4,4:20:18,0,700,#N/A,#N/A,0:07:34,454.36,-1
pert-josh,M8@bmm,8,288,6691,2,567,NULL,1316676,1316676,1316676,1316703,LIMIT,SELL,1,645,2018-08-31T04:20:18.575,2018-08-31T04:20:43.024,,20:18.6,4:20:18,0,700,#N/A,#N/A,0:07:35,454.53,-1
pert-josh,M8@bmm,8,288,6691,2,567,NULL,1316677,1316677,1316677,1316726,LIMIT,SELL,1,645,2018-08-31T04:20:18.816,2018-08-31T04:20:56.313,,20:18.8,4:20:18,0,700,#N/A,#N/A,0:07:35,454.77,-1
pert-josh,M8@bmm,8,288,6691,2,567,NULL,1316678,1316678,1316678,1316730,LIMIT,SELL,1,645,2018-08-31T04:20:18.957,2018-08-31T04:21:06.911,,20:19.0,4:20:18,0,700,#N/A,#N/A,0:07:35,454.91,-1
pert-josh,M8@bmm,8,288,6691,2,567,NULL,1316679,1316679,1316679,1316731,LIMIT,SELL,1,645,2018-08-31T04:20:19.112,2018-08-31T04:21:06.911,,20:19.1,4:20:19,0,700,#N/A,#N/A,0:07:35,455.07,-1
pert-josh,M8@bmm,8,288,6691,2,567,NULL,1316680,1316680,1316680,1316732,LIMIT,SELL,1,645,2018-08-31T04:20:19.245,2018-08-31T04:21:06.911,,20:19.2,4:20:19,0,700,#N/A,#N/A,0:07:35,455.2,-1
pert-josh,M8@bmm,8,288,6691,2,567,NULL,1316681,1316681,1316681,1316734,LIMIT,SELL,1,645,2018-08-31T04:20:19.375,2018-08-31T04:21:12.563,,20:19.4,4:20:19,0,700,#N/A,#N/A,0:07:35,455.33,-1
pert-josh,M8@bmm,8,288,6691,2,567,NULL,1316682,1316682,1316682,1316735,LIMIT,SELL,1,645,2018-08-31T04:20:19.502,2018-08-31T04:21:12.563,,20:19.5,4:20:19,0,700,#N/A,#N/A,0:07:35,455.46,-1
pert-josh,M1@bmm,1,288,6691,2,567,NULL,1316683,1316641,1316641,1316641,CANCEL,SELL,1,655,2018-08-31T04:20:22.078,2018-08-31T04:20:22.082,,20:22.1,4:20:22,0,700,#N/A,#N/A,0:07:38,458.03,-1
pert-josh,M8@bmm,8,288,6691,2,567,NULL,1316684,1316659,1316659,1316659,CANCEL,BUY,1,630,2018-08-31T04:20:27.740,2018-08-31T04:20:27.744,,20:27.7,4:20:27,0,700,#N/A,#N/A,0:07:44,463.69,1
pert-josh,M1@bmm,1,288,6691,2,567,NULL,1316685,1316685,1316685,1316689,LIMIT,SELL,1,640,2018-08-31T04:20:27.831,2018-08-31T04:20:30.013,,20:27.8,4:20:27,0,700,#N/A,#N/A,0:07:44,463.78,-1
pert-josh,M8@bmm,8,288,6691,2,567,NULL,1316686,1316659,1316659,1316686,CANCEL,BUY,1,630,2018-08-31T04:20:27.907,2018-08-31T04:20:27.911,,20:27.9,4:20:27,0,700,#N/A,#N/A,0:07:44,463.86,1
pert-josh,M8@bmm,8,288,6691,2,567,NULL,1316687,1316658,1316658,1316658,CANCEL,BUY,1,630,2018-08-31T04:20:28.059,2018-08-31T04:20:28.062,,20:28.1,4:20:28,0,700,#N/A,#N/A,0:07:44,464.01,1
pert-josh,M8@bmm,8,288,6691,2,567,NULL,1316688,1316658,1316658,1316688,CANCEL,BUY,1,630,2018-08-31T04:20:28.237,2018-08-31T04:20:28.241,,20:28.2,4:20:28,0,700,#N/A,#N/A,0:07:44,464.19,1
pert-josh,M8@bmm,8,288,6691,2,567,NULL,1316689,1316689,1316689,1316685,LIMIT,BUY,1,640,2018-08-31T04:20:30.008,2018-08-31T04:20:30.013,,20:30.0,4:20:30,1,700,640,-60,0:07:46,465.96,1
pert-josh,M8@bmm,8,288,6691,2,567,NULL,1316690,1316690,1316690,1316721,LIMIT,BUY,1,640,2018-08-31T04:20:30.214,2018-08-31T04:20:52.588,,20:30.2,4:20:30,0,700,#N/A,#N/A,0:07:46,466.17,1
pert-josh,M8@bmm,8,288,6691,2,567,NULL,1316691,1316657,1316657,1316657,CANCEL,BUY,1,630,2018-08-31T04:20:32.093,2018-08-31T04:20:32.096,,20:32.1,4:20:32,0,700,#N/A,#N/A,0:07:48,468.05,1
pert-josh,M8@bmm,8,288,6691,2,567,NULL,1316692,1316657,1316657,1316692,CANCEL,BUY,1,630,2018-08-31T04:20:32.236,2018-08-31T04:20:32.240,,20:32.2,4:20:32,0,700,#N/A,#N/A,0:07:48,468.19,1
pert-josh,M6@bmm,6,288,6691,2,567,NULL,1316693,1316693,1316693,NULL,LIMIT,BUY,3,285,2018-08-31T04:20:33.086,2018-08-31T04:20:33.089,,20:33.1,4:20:33,0,700,#N/A,#N/A,0:07:49,469.04,1
pert-josh,M8@bmm,8,288,6691,2,567,NULL,1316694,1316694,1316694,1316774,LIMIT,BUY,1,640,2018-08-31T04:20:33.216,2018-08-31T04:22:22.381,,20:33.2,4:20:33,0,700,#N/A,#N/A,0:07:49,469.17,1
pert-josh,M5@bmm,5,288,6691,2,567,NULL,1316695,1316695,1316695,0,LIMIT,BUY,1,650,2018-08-31T04:20:35.154,2018-08-31T04:20:35.161,,20:35.2,4:20:35,0,700,#N/A,#N/A,0:07:51,471.11,1
pert-josh,M5@bmm,5,288,6691,2,567,NULL,1316696,1316695,1316695,1316675,LIMIT,BUY,1,645,2018-08-31T04:20:35.158,2018-08-31T04:20:35.161,,20:35.2,4:20:35,1,700,645,-55,0:07:51,471.11,1
pert-josh,M8@bmm,8,288,6691,2,567,NULL,1316697,1316697,1316697,1316699,LIMIT,BUY,1,630,2018-08-31T04:20:35.575,2018-08-31T04:20:36.423,,20:35.6,4:20:35,0,700,#N/A,#N/A,0:07:52,471.53,1
pert-josh,M2@bmm,2,288,6691,2,567,NULL,1316698,1316610,1316610,1316610,CANCEL,BUY,1,600,2018-08-31T04:20:36.389,2018-08-31T04:20:36.393,,20:36.4,4:20:36,0,700,#N/A,#N/A,0:07:52,472.34,1
pert-josh,M8@bmm,8,288,6691,2,567,NULL,1316699,1316697,1316697,1316697,CANCEL,BUY,1,630,2018-08-31T04:20:36.419,2018-08-31T04:20:36.423,,20:36.4,4:20:36,0,700,#N/A,#N/A,0:07:52,472.37,1
pert-josh,M8@bmm,8,288,6691,2,567,NULL,1316700,1316697,1316697,1316700,CANCEL,BUY,1,630,2018-08-31T04:20:36.564,2018-08-31T04:20:36.567,,20:36.6,4:20:36,0,700,#N/A,#N/A,0:07:53,472.52,1
pert-josh,M8@bmm,8,288,6691,2,567,NULL,1316701,1316701,1316701,1316704,LIMIT,BUY,1,630,2018-08-31T04:20:37.665,2018-08-31T04:20:43.553,,20:37.7,4:20:37,0,700,#N/A,#N/A,0:07:54,473.62,1
pert-josh,M5@bmm,5,288,6691,2,567,NULL,1316702,1316702,1316702,0,LIMIT,BUY,1,650,2018-08-31T04:20:43.016,2018-08-31T04:20:43.024,,20:43.0,4:20:43,0,700,#N/A,#N/A,0:07:59,478.97,1
pert-josh,M5@bmm,5,288,6691,2,567,NULL,1316703,1316702,1316702,1316676,LIMIT,BUY,1,645,2018-08-31T04:20:43.021,2018-08-31T04:20:43.024,,20:43.0,4:20:43,1,700,645,-55,0:07:59,478.98,1
pert-josh,M8@bmm,8,288,6691,2,567,NULL,1316704,1316701,1316701,1316701,CANCEL,BUY,1,630,2018-08-31T04:20:43.549,2018-08-31T04:20:43.553,,20:43.5,4:20:43,0,700,#N/A,#N/A,0:08:00,479.5,1
pert-josh,M8@bmm,8,288,6691,2,567,NULL,1316705,1316705,1316705,1316709,LIMIT,BUY,1,630,2018-08-31T04:20:44.960,2018-08-31T04:20:46.616,,20:45.0,4:20:44,0,700,#N/A,#N/A,0:08:01,480.91,1
pert-josh,M8@bmm,8,288,6691,2,567,NULL,1316706,1316706,1316706,1316707,LIMIT,BUY,1,630,2018-08-31T04:20:45.127,2018-08-31T04:20:45.874,,20:45.1,4:20:45,0,700,#N/A,#N/A,0:08:01,481.08,1
pert-josh,M8@bmm,8,288,6691,2,567,NULL,1316707,1316706,1316706,1316706,CANCEL,BUY,1,630,2018-08-31T04:20:45.870,2018-08-31T04:20:45.873,,20:45.9,4:20:45,0,700,#N/A,#N/A,0:08:02,481.82,1
pert-josh,M8@bmm,8,288,6691,2,567,NULL,1316708,1316706,1316706,1316708,CANCEL,BUY,1,630,2018-08-31T04:20:46.076,2018-08-31T04:20:46.080,,20:46.1,4:20:46,0,700,#N/A,#N/A,0:08:02,482.03,1
pert-josh,M8@bmm,8,288,6691,2,567,NULL,1316709,1316705,1316705,1316705,CANCEL,BUY,1,630,2018-08-31T04:20:46.612,2018-08-31T04:20:46.616,,20:46.6,4:20:46,0,700,#N/A,#N/A,0:08:03,482.57,1
pert-josh,M8@bmm,8,288,6691,2,567,NULL,1316710,1316705,1316705,1316710,CANCEL,BUY,1,630,2018-08-31T04:20:46.780,2018-08-31T04:20:46.784,,20:46.8,4:20:46,0,700,#N/A,#N/A,0:08:03,482.73,1
pert-josh,M8@bmm,8,288,6691,2,567,NULL,1316711,1316650,1316650,1316650,CANCEL,BUY,1,630,2018-08-31T04:20:47.003,2018-08-31T04:20:47.007,,20:47.0,4:20:47,0,700,#N/A,#N/A,0:08:03,482.96,1
pert-josh,M8@bmm,8,288,6691,2,567,NULL,1316712,1316712,1316712,1316720,LIMIT,BUY,1,630,2018-08-31T04:20:48.945,2018-08-31T04:20:52.338,,20:48.9,4:20:48,0,700,#N/A,#N/A,0:08:05,484.9,1
pert-josh,M8@bmm,8,288,6691,2,567,NULL,1316713,1316713,1316713,1316719,LIMIT,BUY,1,630,2018-08-31T04:20:49.105,2018-08-31T04:20:51.872,,20:49.1,4:20:49,0,700,#N/A,#N/A,0:08:05,485.06,1
pert-josh,M8@bmm,8,288,6691,2,567,NULL,1316714,1316714,1316714,1316716,LIMIT,BUY,1,630,2018-08-31T04:20:49.263,2018-08-31T04:20:51.138,,20:49.3,4:20:49,0,700,#N/A,#N/A,0:08:05,485.22,1
pert-josh,M2@bmm,2,288,6691,2,567,NULL,1316715,1316715,1316715,1316757,LIMIT,BUY,1,620,2018-08-31T04:20:49.796,2018-08-31T04:21:56.574,,20:49.8,4:20:49,0,700,#N/A,#N/A,0:08:06,485.75,1
pert-josh,M8@bmm,8,288,6691,2,567,NULL,1316716,1316714,1316714,1316714,CANCEL,BUY,1,630,2018-08-31T04:20:51.134,2018-08-31T04:20:51.138,,20:51.1,4:20:51,0,700,#N/A,#N/A,0:08:07,487.09,1
pert-josh,M1@bmm,1,288,6691,2,567,NULL,1316717,1316717,1316717,1316760,LIMIT,BUY,1,630,2018-08-31T04:20:51.274,2018-08-31T04:21:59.063,,20:51.3,4:20:51,0,700,#N/A,#N/A,0:08:07,487.23,1
pert-josh,M8@bmm,8,288,6691,2,567,NULL,1316718,1316714,1316714,1316718,CANCEL,BUY,1,630,2018-08-31T04:20:51.293,2018-08-31T04:20:51.296,,20:51.3,4:20:51,0,700,#N/A,#N/A,0:08:07,487.25,1
pert-josh,M8@bmm,8,288,6691,2,567,NULL,1316719,1316713,1316713,1316713,CANCEL,BUY,1,630,2018-08-31T04:20:51.868,2018-08-31T04:20:51.871,,20:51.9,4:20:51,0,700,#N/A,#N/A,0:08:08,487.82,1
pert-josh,M8@bmm,8,288,6691,2,567,NULL,1316720,1316712,1316712,1316712,CANCEL,BUY,1,630,2018-08-31T04:20:52.333,2018-08-31T04:20:52.338,,20:52.3,4:20:52,0,700,#N/A,#N/A,0:08:08,488.29,1
pert-josh,M4@bmm,4,288,6691,2,567,NULL,1316721,1316721,1316721,1316690,LIMIT,SELL,1,640,2018-08-31T04:20:52.582,2018-08-31T04:20:52.587,,20:52.6,4:20:52,1,700,640,-60,0:08:09,488.54,-1
pert-josh,M8@bmm,8,288,6691,2,567,NULL,1316722,1316722,1316722,1316772,LIMIT,BUY,1,640,2018-08-31T04:20:54.592,2018-08-31T04:22:21.861,,20:54.6,4:20:54,0,700,#N/A,#N/A,0:08:11,490.55,1
pert-josh,M8@bmm,8,288,6691,2,567,NULL,1316723,1316723,1316723,1316771,LIMIT,BUY,1,640,2018-08-31T04:20:54.767,2018-08-31T04:22:21.421,,20:54.8,4:20:54,0,700,#N/A,#N/A,0:08:11,490.72,1
pert-josh,M8@bmm,8,288,6691,2,567,NULL,1316724,1316724,1316724,1316769,LIMIT,BUY,1,640,2018-08-31T04:20:54.919,2018-08-31T04:22:21.051,,20:54.9,4:20:54,0,700,#N/A,#N/A,0:08:11,490.87,1
pert-josh,M7@bmm,7,288,6691,2,567,NULL,1316725,1316725,1316725,1316798,LIMIT,BUY,1,640,2018-08-31T04:20:55.236,2018-08-31T04:22:52.853,,20:55.2,4:20:55,0,700,#N/A,#N/A,0:08:11,491.19,1
pert-josh,M5@bmm,5,288,6691,2,567,NULL,1316726,1316726,1316726,1316677,LIMIT,BUY,1,645,2018-08-31T04:20:56.307,2018-08-31T04:20:56.313,,20:56.3,4:20:56,1,700,645,-55,0:08:12,492.26,1
pert-josh,M8@bmm,8,288,6691,2,567,NULL,1316727,1316727,1316727,1316766,LIMIT,BUY,1,640,2018-08-31T04:20:56.551,2018-08-31T04:22:20.553,,20:56.6,4:20:56,0,700,#N/A,#N/A,0:08:13,492.51,1
pert-josh,M3@bmm,3,288,6691,2,567,NULL,1316728,1316728,1316728,NULL,LIMIT,BUY,1,600,2018-08-31T04:21:01.361,2018-08-31T04:21:01.363,,21:01.4,4:21:01,0,700,#N/A,#N/A,0:08:17,497.32,1
pert-josh,M6@bmm,6,288,6691,2,567,NULL,1316729,1316729,1316729,0,LIMIT,BUY,3,665,2018-08-31T04:21:06.896,2018-08-31T04:21:06.910,,21:06.9,4:21:06,0,700,#N/A,#N/A,0:08:23,502.85,1
pert-josh,M6@bmm,6,288,6691,2,567,NULL,1316730,1316729,1316729,1316678,LIMIT,BUY,1,645,2018-08-31T04:21:06.901,2018-08-31T04:21:06.911,,21:06.9,4:21:06,1,700,645,-55,0:08:23,502.86,1
pert-josh,M6@bmm,6,288,6691,2,567,NULL,1316731,1316729,1316729,1316679,LIMIT,BUY,1,645,2018-08-31T04:21:06.904,2018-08-31T04:21:06.911,,21:06.9,4:21:06,1,700,645,-55,0:08:23,502.86,1
pert-josh,M6@bmm,6,288,6691,2,567,NULL,1316732,1316729,1316729,1316680,LIMIT,BUY,1,645,2018-08-31T04:21:06.907,2018-08-31T04:21:06.911,,21:06.9,4:21:06,1,700,645,-55,0:08:23,502.86,1
pert-josh,M6@bmm,6,288,6691,2,567,NULL,1316733,1316733,1316733,0,LIMIT,BUY,3,665,2018-08-31T04:21:12.550,2018-08-31T04:21:12.563,,21:12.5,4:21:12,0,700,#N/A,#N/A,0:08:29,508.5,1
pert-josh,M6@bmm,6,288,6691,2,567,NULL,1316734,1316733,1316733,1316681,LIMIT,BUY,1,645,2018-08-31T04:21:12.554,2018-08-31T04:21:12.563,,21:12.6,4:21:12,1,700,645,-55,0:08:29,508.51,1
pert-josh,M6@bmm,6,288,6691,2,567,NULL,1316735,1316733,1316733,1316682,LIMIT,BUY,1,645,2018-08-31T04:21:12.557,2018-08-31T04:21:12.563,,21:12.6,4:21:12,1,700,645,-55,0:08:29,508.51,1
pert-josh,M6@bmm,6,288,6691,2,567,NULL,1316736,1316733,1316733,1316674,LIMIT,BUY,1,660,2018-08-31T04:21:12.560,2018-08-31T04:21:12.564,,21:12.6,4:21:12,1,700,660,-40,0:08:29,508.51,1
pert-josh,M1@bmm,1,288,6691,2,567,NULL,1316737,1316737,1316737,1316758,LIMIT,SELL,1,655,2018-08-31T04:21:18.097,2018-08-31T04:21:56.729,,21:18.1,4:21:18,0,700,#N/A,#N/A,0:08:34,514.05,-1
pert-josh,M5@bmm,5,288,6691,2,567,NULL,1316738,1316738,1316738,1316739,LIMIT,SELL,1,650,2018-08-31T04:21:22.498,2018-08-31T04:21:26.873,,21:22.5,4:21:22,0,700,#N/A,#N/A,0:08:38,518.45,-1
pert-josh,M8@bmm,8,288,6691,2,567,NULL,1316739,1316739,1316739,1316738,LIMIT,BUY,1,650,2018-08-31T04:21:26.866,2018-08-31T04:21:26.872,,21:26.9,4:21:26,1,700,650,-50,0:08:43,522.82,1
pert-josh,M7@bmm,7,288,6691,2,567,NULL,1316740,1316740,1316740,1316746,LIMIT,SELL,1,700,2018-08-31T04:21:28.213,2018-08-31T04:21:38.088,,21:28.2,4:21:28,0,700,#N/A,#N/A,0:08:44,524.17,-1
pert-josh,M7@bmm,7,288,6691,2,567,NULL,1316741,1316590,1316590,1316590,CANCEL,SELL,1,690,2018-08-31T04:21:29.587,2018-08-31T04:21:29.590,,21:29.6,4:21:29,0,700,#N/A,#N/A,0:08:46,525.54,-1
pert-josh,M6@bmm,6,288,6691,2,567,NULL,1316742,1316742,1316742,0,LIMIT,SELL,3,650,2018-08-31T04:21:30.407,2018-08-31T04:21:36.892,,21:30.4,4:21:30,0,700,#N/A,#N/A,0:08:46,526.36,-1
pert-josh,M8@bmm,8,288,6691,2,567,NULL,1316743,1316743,1316743,1316744,LIMIT,BUY,1,650,2018-08-31T04:21:36.881,2018-08-31T04:21:36.892,,21:36.9,4:21:36,0,700,#N/A,#N/A,0:08:53,532.84,1
pert-josh,M6@bmm,6,288,6691,2,567,NULL,1316744,1316742,1316742,1316743,LIMIT,SELL,1,650,2018-08-31T04:21:36.886,2018-08-31T04:21:36.892,,21:36.9,4:21:36,1,700,650,-50,0:08:53,532.84,-1
pert-josh,M6@bmm,6,288,6691,2,567,NULL,1316745,1316742,1316742,0,LIMIT,SELL,2,650,2018-08-31T04:21:30.407,2018-08-31T04:21:40.561,,21:30.4,4:21:30,0,700,#N/A,#N/A,0:08:46,526.36,-1
pert-josh,M7@bmm,7,288,6691,2,567,NULL,1316746,1316740,1316740,1316740,CANCEL,SELL,1,700,2018-08-31T04:21:38.081,2018-08-31T04:21:38.088,,21:38.1,4:21:38,0,700,#N/A,#N/A,0:08:54,534.04,-1
pert-josh,M8@bmm,8,288,6691,2,567,NULL,1316747,1316747,1316747,1316748,LIMIT,BUY,1,650,2018-08-31T04:21:40.552,2018-08-31T04:21:40.561,,21:40.6,4:21:40,0,700,#N/A,#N/A,0:08:57,536.51,1
pert-josh,M6@bmm,6,288,6691,2,567,NULL,1316748,1316742,1316745,1316747,LIMIT,SELL,1,650,2018-08-31T04:21:40.556,2018-08-31T04:21:40.561,,21:40.6,4:21:40,1,700,650,-50,0:08:57,536.51,-1
pert-josh,M6@bmm,6,288,6691,2,567,NULL,1316749,1316742,1316745,1316751,LIMIT,SELL,1,650,2018-08-31T04:21:30.407,2018-08-31T04:21:45.842,,21:30.4,4:21:30,0,700,#N/A,#N/A,0:08:46,526.36,-1
pert-josh,M6@bmm,6,288,6691,2,567,NULL,1316750,1316750,1316750,0,LIMIT,BUY,3,650,2018-08-31T04:21:45.831,2018-08-31T04:21:45.839,,21:45.8,4:21:45,0,700,#N/A,#N/A,0:09:02,541.78,1
pert-josh,M6@bmm,6,288,6691,2,567,NULL,1316751,1316750,1316750,1316749,LIMIT,BUY,1,650,2018-08-31T04:21:45.837,2018-08-31T04:21:45.839,,21:45.8,4:21:45,1,700,650,-50,0:09:02,541.79,1
pert-josh,M6@bmm,6,288,6691,2,567,NULL,1316752,1316750,1316750,1316754,LIMIT,BUY,2,650,2018-08-31T04:21:45.831,2018-08-31T04:21:51.505,,21:45.8,4:21:45,0,700,#N/A,#N/A,0:09:02,541.78,1
pert-josh,M6@bmm,6,288,6691,2,567,NULL,1316753,1316753,1316753,0,LIMIT,SELL,3,650,2018-08-31T04:21:51.495,2018-08-31T04:21:51.501,,21:51.5,4:21:51,0,700,#N/A,#N/A,0:09:07,547.45,-1
pert-josh,M6@bmm,6,288,6691,2,567,NULL,1316754,1316753,1316753,1316752,LIMIT,SELL,2,650,2018-08-31T04:21:51.499,2018-08-31T04:21:51.502,,21:51.5,4:21:51,1,700,650,-50,0:09:07,547.45,-1
pert-josh,M6@bmm,6,288,6691,2,567,NULL,1316755,1316753,1316753,1316756,LIMIT,SELL,1,650,2018-08-31T04:21:51.495,2018-08-31T04:21:54.534,,21:51.5,4:21:51,0,700,#N/A,#N/A,0:09:07,547.45,-1
pert-josh,M8@bmm,8,288,6691,2,567,NULL,1316756,1316756,1316756,1316755,LIMIT,BUY,1,650,2018-08-31T04:21:54.529,2018-08-31T04:21:54.534,,21:54.5,4:21:54,1,700,650,-50,0:09:10,550.48,1
pert-josh,M2@bmm,2,288,6691,2,567,NULL,1316757,1316715,1316715,1316715,CANCEL,BUY,1,620,2018-08-31T04:21:56.570,2018-08-31T04:21:56.573,,21:56.6,4:21:56,0,700,#N/A,#N/A,0:09:13,552.52,1
pert-josh,M7@bmm,7,288,6691,2,567,NULL,1316758,1316758,1316758,1316737,LIMIT,BUY,1,655,2018-08-31T04:21:56.724,2018-08-31T04:21:56.729,,21:56.7,4:21:56,1,700,655,-45,0:09:13,552.68,1
pert-josh,M2@bmm,2,288,6691,2,567,NULL,1316759,1316759,1316759,NULL,LIMIT,BUY,1,620,2018-08-31T04:21:58.093,2018-08-31T04:21:58.095,,21:58.1,4:21:58,0,700,#N/A,#N/A,0:09:14,554.05,1
pert-josh,M1@bmm,1,288,6691,2,567,NULL,1316760,1316717,1316717,1316717,CANCEL,BUY,1,630,2018-08-31T04:21:59.059,2018-08-31T04:21:59.062,,21:59.1,4:21:59,0,700,#N/A,#N/A,0:09:15,555.01,1
pert-josh,M7@bmm,7,288,6691,2,567,NULL,1316761,1316596,1316596,1316596,CANCEL,BUY,1,615,2018-08-31T04:22:04.587,2018-08-31T04:22:04.591,,22:04.6,4:22:04,0,700,#N/A,#N/A,0:09:21,560.54,1
pert-josh,M6@bmm,6,288,6691,2,567,NULL,1316762,1316762,1316762,1316776,LIMIT,SELL,3,695,2018-08-31T04:22:08.670,2018-08-31T04:22:23.583,,22:08.7,4:22:08,0,700,#N/A,#N/A,0:09:25,564.62,-1
pert-josh,M1@bmm,1,288,6691,2,567,NULL,1316763,1316763,1316763,1316786,LIMIT,SELL,1,690,2018-08-31T04:22:11.936,2018-08-31T04:22:36.914,,22:11.9,4:22:11,0,700,#N/A,#N/A,0:09:28,567.89,-1
pert-josh,M7@bmm,7,288,6691,2,567,NULL,1316764,1316764,1316764,1316802,LIMIT,BUY,1,655,2018-08-31T04:22:13.880,2018-08-31T04:22:55.924,,22:13.9,4:22:13,0,700,#N/A,#N/A,0:09:30,569.83,1
pert-josh,M8@bmm,8,288,6691,2,567,NULL,1316765,1316765,1316765,1316783,LIMIT,BUY,1,660,2018-08-31T04:22:19.355,2018-08-31T04:22:28.589,,22:19.4,4:22:19,0,700,#N/A,#N/A,0:09:35,575.31,1
pert-josh,M8@bmm,8,288,6691,2,567,NULL,1316766,1316727,1316727,1316727,CANCEL,BUY,1,640,2018-08-31T04:22:20.549,2018-08-31T04:22:20.553,,22:20.5,4:22:20,0,700,#N/A,#N/A,0:09:37,576.5,1
pert-josh,M8@bmm,8,288,6691,2,567,NULL,1316767,1316727,1316727,1316767,CANCEL,BUY,1,640,2018-08-31T04:22:20.800,2018-08-31T04:22:20.804,,22:20.8,4:22:20,0,700,#N/A,#N/A,0:09:37,576.75,1
pert-josh,M5@bmm,5,288,6691,2,567,NULL,1316768,1316768,1316768,1316781,LIMIT,SELL,1,665,2018-08-31T04:22:21.026,2018-08-31T04:22:27.139,,22:21.0,4:22:21,0,700,#N/A,#N/A,0:09:37,576.98,-1
pert-josh,M8@bmm,8,288,6691,2,567,NULL,1316769,1316724,1316724,1316724,CANCEL,BUY,1,640,2018-08-31T04:22:21.046,2018-08-31T04:22:21.050,,22:21.0,4:22:21,0,700,#N/A,#N/A,0:09:37,577,1
pert-josh,M8@bmm,8,288,6691,2,567,NULL,1316770,1316724,1316724,1316770,CANCEL,BUY,1,640,2018-08-31T04:22:21.297,2018-08-31T04:22:21.301,,22:21.3,4:22:21,0,700,#N/A,#N/A,0:09:37,577.25,1
pert-josh,M8@bmm,8,288,6691,2,567,NULL,1316771,1316723,1316723,1316723,CANCEL,BUY,1,640,2018-08-31T04:22:21.417,2018-08-31T04:22:21.421,,22:21.4,4:22:21,0,700,#N/A,#N/A,0:09:37,577.37,1
pert-josh,M8@bmm,8,288,6691,2,567,NULL,1316772,1316722,1316722,1316722,CANCEL,BUY,1,640,2018-08-31T04:22:21.857,2018-08-31T04:22:21.861,,22:21.9,4:22:21,0,700,#N/A,#N/A,0:09:38,577.81,1
pert-josh,M8@bmm,8,288,6691,2,567,NULL,1316773,1316722,1316722,1316773,CANCEL,BUY,1,640,2018-08-31T04:22:21.978,2018-08-31T04:22:21.982,,22:22.0,4:22:21,0,700,#N/A,#N/A,0:09:38,577.93,1
pert-josh,M8@bmm,8,288,6691,2,567,NULL,1316774,1316694,1316694,1316694,CANCEL,BUY,1,640,2018-08-31T04:22:22.378,2018-08-31T04:22:22.381,,22:22.4,4:22:22,0,700,#N/A,#N/A,0:09:38,578.33,1
pert-josh,M8@bmm,8,288,6691,2,567,NULL,1316775,1316775,1316775,1316784,LIMIT,BUY,1,660,2018-08-31T04:22:23.495,2018-08-31T04:22:28.589,,22:23.5,4:22:23,0,700,#N/A,#N/A,0:09:39,579.45,1
pert-josh,M6@bmm,6,288,6691,2,567,NULL,1316776,1316762,1316762,1316762,CANCEL,SELL,3,695,2018-08-31T04:22:23.580,2018-08-31T04:22:23.583,,22:23.6,4:22:23,0,700,#N/A,#N/A,0:09:40,579.53,-1
pert-josh,M8@bmm,8,288,6691,2,567,NULL,1316777,1316777,1316777,1316785,LIMIT,BUY,1,660,2018-08-31T04:22:23.653,2018-08-31T04:22:28.590,,22:23.7,4:22:23,0,700,#N/A,#N/A,0:09:40,579.61,1
pert-josh,M8@bmm,8,288,6691,2,567,NULL,1316778,1316778,1316778,1316799,LIMIT,BUY,1,660,2018-08-31T04:22:23.816,2018-08-31T04:22:54.226,,22:23.8,4:22:23,0,700,#N/A,#N/A,0:09:40,579.77,1
pert-josh,M8@bmm,8,288,6691,2,567,NULL,1316779,1316779,1316779,1316795,LIMIT,BUY,1,660,2018-08-31T04:22:23.951,2018-08-31T04:22:52.190,,22:24.0,4:22:23,0,700,#N/A,#N/A,0:09:40,579.9,1
pert-josh,M8@bmm,8,288,6691,2,567,NULL,1316780,1316780,1316780,1316792,LIMIT,BUY,1,660,2018-08-31T04:22:24.102,2018-08-31T04:22:50.945,,22:24.1,4:22:24,0,700,#N/A,#N/A,0:09:40,580.06,1
pert-josh,M7@bmm,7,288,6691,2,567,NULL,1316781,1316781,1316781,1316768,LIMIT,BUY,1,665,2018-08-31T04:22:27.134,2018-08-31T04:22:27.139,,22:27.1,4:22:27,1,700,665,-35,0:09:43,583.09,1
pert-josh,M6@bmm,6,288,6691,2,567,NULL,1316782,1316782,1316782,0,LIMIT,SELL,3,655,2018-08-31T04:22:28.574,2018-08-31T04:22:28.589,,22:28.6,4:22:28,0,700,#N/A,#N/A,0:09:45,584.53,-1
pert-josh,M6@bmm,6,288,6691,2,567,NULL,1316783,1316782,1316782,1316765,LIMIT,SELL,1,660,2018-08-31T04:22:28.579,2018-08-31T04:22:28.589,,22:28.6,4:22:28,1,700,660,-40,0:09:45,584.53,-1
pert-josh,M6@bmm,6,288,6691,2,567,NULL,1316784,1316782,1316782,1316775,LIMIT,SELL,1,660,2018-08-31T04:22:28.583,2018-08-31T04:22:28.589,,22:28.6,4:22:28,1,700,660,-40,0:09:45,584.54,-1
pert-josh,M6@bmm,6,288,6691,2,567,NULL,1316785,1316782,1316782,1316777,LIMIT,SELL,1,660,2018-08-31T04:22:28.586,2018-08-31T04:22:28.590,,22:28.6,4:22:28,1,700,660,-40,0:09:45,584.54,-1
pert-josh,M1@bmm,1,288,6691,2,567,NULL,1316786,1316763,1316763,1316763,CANCEL,SELL,1,690,2018-08-31T04:22:36.910,2018-08-31T04:22:36.913,,22:36.9,4:22:36,0,700,#N/A,#N/A,0:09:53,592.86,-1
pert-josh,M8@bmm,8,288,6691,2,567,NULL,1316787,1316787,1316787,NULL,LIMIT,SELL,1,700,2018-08-31T04:22:41.850,2018-08-31T04:22:41.853,,22:41.8,4:22:41,0,700,#N/A,#N/A,0:09:58,597.8,-1
pert-josh,M7@bmm,7,288,6691,2,567,NULL,1316788,1316788,1316788,NULL,LIMIT,BUY,1,665,2018-08-31T04:22:42.253,2018-08-31T04:22:42.255,,22:42.3,4:22:42,0,700,#N/A,#N/A,0:09:58,598.21,1
pert-josh,M7@bmm,7,288,6691,2,567,NULL,1316789,1316789,1316789,1316804,LIMIT,BUY,1,670,2018-08-31T04:22:45.982,2018-08-31T04:22:56.770,,22:46.0,4:22:45,0,700,#N/A,#N/A,0:10:02,601.94,1
pert-josh,M7@bmm,7,288,6691,2,567,NULL,1316790,1316790,1316790,1316801,LIMIT,BUY,1,675,2018-08-31T04:22:47.765,2018-08-31T04:22:54.490,,22:47.8,4:22:47,0,700,#N/A,#N/A,0:10:04,603.72,1
pert-josh,M1@bmm,1,288,6691,2,567,NULL,1316791,1316791,1316791,1316807,LIMIT,SELL,1,695,2018-08-31T04:22:49.007,2018-08-31T04:23:01.772,,22:49.0,4:22:49,0,700,#N/A,#N/A,0:10:05,604.96,-1
pert-josh,M8@bmm,8,288,6691,2,567,NULL,1316792,1316780,1316780,1316780,CANCEL,BUY,1,660,2018-08-31T04:22:50.941,2018-08-31T04:22:50.945,,22:50.9,4:22:50,0,700,#N/A,#N/A,0:10:07,606.9,1
pert-josh,M8@bmm,8,288,6691,2,567,NULL,1316793,1316780,1316780,1316793,CANCEL,BUY,1,660,2018-08-31T04:22:51.080,2018-08-31T04:22:51.084,,22:51.1,4:22:51,0,700,#N/A,#N/A,0:10:07,607.03,1
pert-josh,M7@bmm,7,288,6691,2,567,NULL,1316794,1316645,1316645,1316645,CANCEL,BUY,1,625,2018-08-31T04:22:51.329,2018-08-31T04:22:51.333,,22:51.3,4:22:51,0,700,#N/A,#N/A,0:10:07,607.28,1
pert-josh,M8@bmm,8,288,6691,2,567,NULL,1316795,1316779,1316779,1316779,CANCEL,BUY,1,660,2018-08-31T04:22:52.186,2018-08-31T04:22:52.189,,22:52.2,4:22:52,0,700,#N/A,#N/A,0:10:08,608.14,1
pert-josh,M7@bmm,7,288,6691,2,567,NULL,1316796,1316664,1316664,1316664,CANCEL,BUY,1,635,2018-08-31T04:22:52.237,2018-08-31T04:22:52.242,,22:52.2,4:22:52,0,700,#N/A,#N/A,0:10:08,608.19,1
pert-josh,M8@bmm,8,288,6691,2,567,NULL,1316797,1316779,1316779,1316797,CANCEL,BUY,1,660,2018-08-31T04:22:52.379,2018-08-31T04:22:52.383,,22:52.4,4:22:52,0,700,#N/A,#N/A,0:10:08,608.33,1
pert-josh,M7@bmm,7,288,6691,2,567,NULL,1316798,1316725,1316725,1316725,CANCEL,BUY,1,640,2018-08-31T04:22:52.849,2018-08-31T04:22:52.853,,22:52.8,4:22:52,0,700,#N/A,#N/A,0:10:09,608.8,1
pert-josh,M8@bmm,8,288,6691,2,567,NULL,1316799,1316778,1316778,1316778,CANCEL,BUY,1,660,2018-08-31T04:22:54.221,2018-08-31T04:22:54.225,,22:54.2,4:22:54,0,700,#N/A,#N/A,0:10:10,610.18,1
pert-josh,M6@bmm,6,288,6691,2,567,NULL,1316800,1316800,1316800,0,LIMIT,SELL,1,570,2018-08-31T04:22:54.482,2018-08-31T04:22:54.490,,22:54.5,4:22:54,0,700,#N/A,#N/A,0:10:10,610.44,-1
pert-josh,M6@bmm,6,288,6691,2,567,NULL,1316801,1316800,1316800,1316790,LIMIT,SELL,1,675,2018-08-31T04:22:54.487,2018-08-31T04:22:54.490,,22:54.5,4:22:54,1,700,675,-25,0:10:10,610.44,-1
pert-josh,M7@bmm,7,288,6691,2,567,NULL,1316802,1316764,1316764,1316764,CANCEL,BUY,1,655,2018-08-31T04:22:55.920,2018-08-31T04:22:55.924,,22:55.9,4:22:55,0,700,#N/A,#N/A,0:10:12,611.87,1
pert-josh,M5@bmm,5,288,6691,2,567,NULL,1316803,1316803,1316803,0,LIMIT,SELL,1,665,2018-08-31T04:22:56.762,2018-08-31T04:22:56.770,,22:56.8,4:22:56,0,700,#N/A,#N/A,0:10:13,612.72,-1
pert-josh,M5@bmm,5,288,6691,2,567,NULL,1316804,1316803,1316803,1316789,LIMIT,SELL,1,670,2018-08-31T04:22:56.767,2018-08-31T04:22:56.770,,22:56.8,4:22:56,1,700,670,-30,0:10:13,612.72,-1
pert-josh,M7@bmm,7,288,6691,2,567,NULL,1316805,1316805,1316805,NULL,LIMIT,BUY,1,690,2018-08-31T04:23:00.166,2018-08-31T04:23:00.168,,23:00.2,4:23:00,0,700,#N/A,#N/A,0:10:16,616.12,1
pert-josh,M8@bmm,8,288,6691,2,567,NULL,1316806,1316806,1316806,NULL,LIMIT,BUY,1,670,2018-08-31T04:23:00.905,2018-08-31T04:23:00.908,,23:00.9,4:23:00,0,700,#N/A,#N/A,0:10:17,616.86,1
pert-josh,M7@bmm,7,288,6691,2,567,NULL,1316807,1316807,1316807,1316791,LIMIT,BUY,1,695,2018-08-31T04:23:01.768,2018-08-31T04:23:01.772,,23:01.8,4:23:01,1,700,695,-5,0:10:18,617.72,1
pert-josh,M8@bmm,8,288,6692,3,567,NULL,1316808,1316808,1316808,1316841,LIMIT,BUY,1,610,2018-08-31T04:23:45.694,2018-08-31T04:24:14.985,,23:45.7,4:23:45,0,650,#N/A,#N/A,0:11:02,661.65,1
pert-josh,M8@bmm,8,288,6692,3,567,NULL,1316809,1316809,1316809,1316839,LIMIT,BUY,1,610,2018-08-31T04:23:45.725,2018-08-31T04:24:14.088,,23:45.7,4:23:45,0,650,#N/A,#N/A,0:11:02,661.68,1
pert-josh,M8@bmm,8,288,6692,3,567,NULL,1316810,1316810,1316810,1316824,LIMIT,BUY,1,610,2018-08-31T04:23:45.939,2018-08-31T04:24:03.029,,23:45.9,4:23:45,0,650,#N/A,#N/A,0:11:02,661.89,1
pert-josh,M8@bmm,8,288,6692,3,567,NULL,1316811,1316811,1316811,1316821,LIMIT,BUY,1,610,2018-08-31T04:23:45.960,2018-08-31T04:24:02.528,,23:46.0,4:23:45,0,650,#N/A,#N/A,0:11:02,661.91,1
pert-josh,M8@bmm,8,288,6692,3,567,NULL,1316812,1316812,1316812,1316819,LIMIT,BUY,1,610,2018-08-31T04:23:46.193,2018-08-31T04:24:01.986,,23:46.2,4:23:46,0,650,#N/A,#N/A,0:11:02,662.15,1
pert-josh,M7@bmm,7,288,6692,3,567,NULL,1316813,1316813,1316813,1316827,LIMIT,BUY,1,640,2018-08-31T04:23:48.431,2018-08-31T04:24:03.607,,23:48.4,4:23:48,0,650,#N/A,#N/A,0:11:04,664.38,1
pert-josh,M6@bmm,6,288,6692,3,567,NULL,1316814,1316814,1316814,1316882,LIMIT,BUY,15,450,2018-08-31T04:23:49.494,2018-08-31T04:25:03.608,,23:49.5,4:23:49,0,650,#N/A,#N/A,0:11:05,665.45,1
pert-josh,M8@bmm,8,288,6692,3,567,NULL,1316815,1316815,1316815,1316924,LIMIT,SELL,1,730,2018-08-31T04:23:51.032,2018-08-31T04:25:34.860,,23:51.0,4:23:51,0,650,#N/A,#N/A,0:11:07,666.99,-1
pert-josh,M7@bmm,7,288,6692,3,567,NULL,1316816,1316816,1316816,1316975,LIMIT,SELL,1,700,2018-08-31T04:23:53.294,2018-08-31T04:26:41.646,,23:53.3,4:23:53,0,650,#N/A,#N/A,0:11:09,669.25,-1
pert-josh,M1@bmm,1,288,6692,3,567,NULL,1316817,1316817,1316817,1316935,LIMIT,BUY,1,615,2018-08-31T04:23:58.845,2018-08-31T04:25:57.028,,23:58.8,4:23:58,0,650,#N/A,#N/A,0:11:15,674.8,1
pert-josh,M2@bmm,2,288,6692,3,567,NULL,1316818,1316818,1316818,1316856,LIMIT,SELL,1,670,2018-08-31T04:23:58.978,2018-08-31T04:24:36.018,,23:59.0,4:23:58,0,650,#N/A,#N/A,0:11:15,674.93,-1
pert-josh,M8@bmm,8,288,6692,3,567,NULL,1316819,1316812,1316812,1316812,CANCEL,BUY,1,610,2018-08-31T04:24:01.980,2018-08-31T04:24:01.986,,24:02.0,4:24:01,0,650,#N/A,#N/A,0:11:18,677.93,1
pert-josh,M8@bmm,8,288,6692,3,567,NULL,1316820,1316812,1316812,1316820,CANCEL,BUY,1,610,2018-08-31T04:24:02.150,2018-08-31T04:24:02.154,,24:02.1,4:24:02,0,650,#N/A,#N/A,0:11:18,678.1,1
pert-josh,M8@bmm,8,288,6692,3,567,NULL,1316821,1316811,1316811,1316811,CANCEL,BUY,1,610,2018-08-31T04:24:02.524,2018-08-31T04:24:02.528,,24:02.5,4:24:02,0,650,#N/A,#N/A,0:11:18,678.48,1
pert-josh,M8@bmm,8,288,6692,3,567,NULL,1316822,1316811,1316811,1316822,CANCEL,BUY,1,610,2018-08-31T04:24:02.626,2018-08-31T04:24:02.630,,24:02.6,4:24:02,0,650,#N/A,#N/A,0:11:19,678.58,1
pert-josh,M8@bmm,8,288,6692,3,567,NULL,1316823,1316811,1316811,1316823,CANCEL,BUY,1,610,2018-08-31T04:24:02.775,2018-08-31T04:24:02.778,,24:02.8,4:24:02,0,650,#N/A,#N/A,0:11:19,678.73,1
pert-josh,M8@bmm,8,288,6692,3,567,NULL,1316824,1316810,1316810,1316810,CANCEL,BUY,1,610,2018-08-31T04:24:03.025,2018-08-31T04:24:03.029,,24:03.0,4:24:03,0,650,#N/A,#N/A,0:11:19,678.98,1
pert-josh,M8@bmm,8,288,6692,3,567,NULL,1316825,1316810,1316810,1316825,CANCEL,BUY,1,610,2018-08-31T04:24:03.122,2018-08-31T04:24:03.127,,24:03.1,4:24:03,0,650,#N/A,#N/A,0:11:19,679.08,1
pert-josh,M4@bmm,4,288,6692,3,567,NULL,1316826,1316826,1316826,0,LIMIT,SELL,1,630,2018-08-31T04:24:03.600,2018-08-31T04:24:03.607,,24:03.6,4:24:03,0,650,#N/A,#N/A,0:11:20,679.55,-1
pert-josh,M4@bmm,4,288,6692,3,567,NULL,1316827,1316826,1316826,1316813,LIMIT,SELL,1,640,2018-08-31T04:24:03.604,2018-08-31T04:24:03.607,,24:03.6,4:24:03,1,650,640,-10,0:11:20,679.56,-1
pert-josh,M4@bmm,4,288,6692,3,567,NULL,1316828,1316828,1316828,1316830,LIMIT,SELL,1,630,2018-08-31T04:24:03.839,2018-08-31T04:24:04.157,,24:03.8,4:24:03,0,650,#N/A,#N/A,0:11:20,679.79,-1
pert-josh,M8@bmm,8,288,6692,3,567,NULL,1316829,1316829,1316829,0,LIMIT,BUY,1,650,2018-08-31T04:24:04.149,2018-08-31T04:24:04.157,,24:04.1,4:24:04,0,650,#N/A,#N/A,0:11:20,680.1,1
pert-josh,M8@bmm,8,288,6692,3,567,NULL,1316830,1316829,1316829,1316828,LIMIT,BUY,1,630,2018-08-31T04:24:04.154,2018-08-31T04:24:04.157,,24:04.2,4:24:04,1,650,630,-20,0:11:20,680.11,1
pert-josh,M8@bmm,8,288,6692,3,567,NULL,1316831,1316831,1316831,1316835,LIMIT,BUY,1,650,2018-08-31T04:24:04.319,2018-08-31T04:24:07.648,,24:04.3,4:24:04,0,650,#N/A,#N/A,0:11:20,680.27,1
pert-josh,M8@bmm,8,288,6692,3,567,NULL,1316832,1316832,1316832,1316833,LIMIT,BUY,1,650,2018-08-31T04:24:04.445,2018-08-31T04:24:07.100,,24:04.4,4:24:04,0,650,#N/A,#N/A,0:11:20,680.4,1
pert-josh,M8@bmm,8,288,6692,3,567,NULL,1316833,1316832,1316832,1316832,CANCEL,BUY,1,650,2018-08-31T04:24:07.095,2018-08-31T04:24:07.100,,24:07.1,4:24:07,0,650,#N/A,#N/A,0:11:23,683.05,1
pert-josh,M8@bmm,8,288,6692,3,567,NULL,1316834,1316832,1316832,1316834,CANCEL,BUY,1,650,2018-08-31T04:24:07.225,2018-08-31T04:24:07.229,,24:07.2,4:24:07,0,650,#N/A,#N/A,0:11:23,683.18,1
pert-josh,M8@bmm,8,288,6692,3,567,NULL,1316835,1316831,1316831,1316831,CANCEL,BUY,1,650,2018-08-31T04:24:07.643,2018-08-31T04:24:07.647,,24:07.6,4:24:07,0,650,#N/A,#N/A,0:11:24,683.6,1
pert-josh,M4@bmm,4,288,6692,3,567,NULL,1316836,1316836,1316836,1316843,LIMIT,SELL,1,625,2018-08-31T04:24:08.159,2018-08-31T04:24:16.724,,24:08.2,4:24:08,0,650,#N/A,#N/A,0:11:24,684.11,-1
pert-josh,M6@bmm,6,288,6692,3,567,NULL,1316837,1316837,1316837,1316848,LIMIT,BUY,22,590,2018-08-31T04:24:10.499,2018-08-31T04:24:20.992,,24:10.5,4:24:10,0,650,#N/A,#N/A,0:11:26,686.45,1
pert-josh,M8@bmm,8,288,6692,3,567,NULL,1316838,1316838,1316838,1316862,LIMIT,BUY,2,620,2018-08-31T04:24:11.886,2018-08-31T04:24:42.910,,24:11.9,4:24:11,0,650,#N/A,#N/A,0:11:28,687.84,1
pert-josh,M8@bmm,8,288,6692,3,567,NULL,1316839,1316809,1316809,1316809,CANCEL,BUY,1,610,2018-08-31T04:24:14.084,2018-08-31T04:24:14.088,,24:14.1,4:24:14,0,650,#N/A,#N/A,0:11:30,690.04,1
pert-josh,M8@bmm,8,288,6692,3,567,NULL,1316840,1316809,1316809,1316840,CANCEL,BUY,1,610,2018-08-31T04:24:14.244,2018-08-31T04:24:14.248,,24:14.2,4:24:14,0,650,#N/A,#N/A,0:11:30,690.2,1
pert-josh,M8@bmm,8,288,6692,3,567,NULL,1316841,1316808,1316808,1316808,CANCEL,BUY,1,610,2018-08-31T04:24:14.981,2018-08-31T04:24:14.985,,24:15.0,4:24:14,0,650,#N/A,#N/A,0:11:31,690.94,1
pert-josh,M7@bmm,7,288,6692,3,567,NULL,1316842,1316842,1316842,0,LIMIT,BUY,1,635,2018-08-31T04:24:16.717,2018-08-31T04:24:16.724,,24:16.7,4:24:16,0,650,#N/A,#N/A,0:11:33,692.67,1
pert-josh,M7@bmm,7,288,6692,3,567,NULL,1316843,1316842,1316842,1316836,LIMIT,BUY,1,625,2018-08-31T04:24:16.721,2018-08-31T04:24:16.724,,24:16.7,4:24:16,1,650,625,-25,0:11:33,692.67,1
