account,email,owner,marketplace,session,period,market,target,order,original,supplier,consumer,type,side,units,price,createdDate,lastModifiedDate,16. just time,17. just second,,trade,fair value,trade price,mispricing,time mins,time secs,buy/sell
pert-josh,M6@bmm,4569,433,7985,1,814,NULL,2423337,2423337,2423337,2423346,LIMIT,BUY,1,700,2019-03-01T06:31:38.167,2019-03-01T06:31:52.952,,31:38.2,31:38.2,0,750,#N/A,#N/A,00:00:00,0,1
pert-josh,M6@bmm,4569,433,7985,1,814,NULL,2423338,2423338,2423338,NULL,LIMIT,BUY,1,700,2019-03-01T06:31:40.192,2019-03-01T06:31:40.195,,31:40.2,31:40.2,0,750,#N/A,#N/A,00:00:02,2.025,1
pert-josh,M6@bmm,4569,433,7985,1,814,NULL,2423339,2423339,2423339,NULL,LIMIT,BUY,1,700,2019-03-01T06:31:40.431,2019-03-01T06:31:40.434,,31:40.4,31:40.4,0,750,#N/A,#N/A,00:00:02,2.264,1
pert-josh,M8@bmm,4571,433,7985,1,814,NULL,2423340,2423340,2423340,NULL,LIMIT,BUY,1,510,2019-03-01T06:31:45.646,2019-03-01T06:31:45.648,,31:45.6,31:45.6,0,750,#N/A,#N/A,00:00:07,7.479,1
pert-josh,M1@bmm,4564,433,7985,1,814,NULL,2423346,2423345,2423345,2423337,LIMIT,SELL,1,700,2019-03-01T06:31:52.947,2019-03-01T06:31:52.952,,31:52.9,31:52.9,1,750,700,-50,00:00:15,14.78,-1
pert-josh,M6@bmm,4569,433,7985,1,814,NULL,2423353,2423353,2423353,2423355,LIMIT,BUY,1,705,2019-03-01T06:32:06.918,2019-03-01T06:32:11.979,,32:06.9,32:06.9,0,750,#N/A,#N/A,00:00:29,28.751,1
pert-josh,M8@bmm,4571,433,7985,1,814,NULL,2423355,2423354,2423354,2423353,LIMIT,SELL,1,705,2019-03-01T06:32:11.975,2019-03-01T06:32:11.979,,32:12.0,32:12.0,1,750,705,-45,00:00:34,33.808,-1
pert-josh,M6@bmm,4569,433,7985,1,814,NULL,2423357,2423357,2423357,NULL,LIMIT,BUY,1,705,2019-03-01T06:32:12.742,2019-03-01T06:32:12.745,,32:12.7,32:12.7,0,750,#N/A,#N/A,00:00:35,34.575,1
pert-josh,M1@bmm,4564,433,7985,1,814,NULL,2423358,2423358,2423358,2423361,LIMIT,SELL,1,750,2019-03-01T06:32:14.446,2019-03-01T06:32:19.643,,32:14.4,32:14.4,0,750,#N/A,#N/A,00:00:36,36.279,-1
pert-josh,M6@bmm,4569,433,7985,1,814,NULL,2423360,2423360,2423360,NULL,LIMIT,BUY,1,705,2019-03-01T06:32:16.042,2019-03-01T06:32:16.044,,32:16.0,32:16.0,0,750,#N/A,#N/A,00:00:38,37.875,1
pert-josh,M3@bmm,4566,433,7985,1,814,NULL,2423361,2423361,2423361,2423358,LIMIT,BUY,1,750,2019-03-01T06:32:19.636,2019-03-01T06:32:19.643,,32:19.6,32:19.6,1,750,750,0,00:00:41,41.469,1
pert-josh,M4@bmm,4567,433,7985,1,814,NULL,2423363,2423363,2423363,2423368,LIMIT,BUY,1,740,2019-03-01T06:32:26.984,2019-03-01T06:32:32.068,,32:27.0,32:27.0,0,750,#N/A,#N/A,00:00:49,48.817,1
pert-josh,M2@bmm,4565,433,7985,1,814,NULL,2423368,2423367,2423367,2423363,LIMIT,SELL,1,740,2019-03-01T06:32:32.062,2019-03-01T06:32:32.068,,32:32.1,32:32.1,1,750,740,-10,00:00:54,53.895,-1
pert-josh,M7@bmm,4570,433,7985,1,814,NULL,2423371,2423370,2423370,2423372,LIMIT,BUY,1,740,2019-03-01T06:32:32.805,2019-03-01T06:32:32.814,,32:32.8,32:32.8,0,750,#N/A,#N/A,00:00:55,54.638,1
pert-josh,M2@bmm,4565,433,7985,1,814,NULL,2423372,2423367,2423369,2423371,LIMIT,SELL,1,740,2019-03-01T06:32:32.807,2019-03-01T06:32:32.814,,32:32.8,32:32.8,1,750,740,-10,00:00:55,54.64,-1
pert-josh,M2@bmm,4565,433,7985,1,814,NULL,2423373,2423367,2423369,2423381,LIMIT,SELL,1,740,2019-03-01T06:32:32.057,2019-03-01T06:32:42.460,,32:32.1,32:32.1,0,750,#N/A,#N/A,00:00:54,53.89,-1
pert-josh,M4@bmm,4567,433,7985,1,814,NULL,2423374,2423374,2423374,2423379,LIMIT,BUY,1,730,2019-03-01T06:32:38.676,2019-03-01T06:32:39.741,,32:38.7,32:38.7,0,750,#N/A,#N/A,00:01:01,60.509,1
pert-josh,M6@bmm,4569,433,7985,1,814,NULL,2423375,2423375,2423375,NULL,LIMIT,BUY,1,705,2019-03-01T06:32:38.734,2019-03-01T06:32:38.737,,32:38.7,32:38.7,0,750,#N/A,#N/A,00:01:01,60.567,1
pert-josh,M6@bmm,4569,433,7985,1,814,NULL,2423376,2423376,2423376,NULL,LIMIT,BUY,1,705,2019-03-01T06:32:38.974,2019-03-01T06:32:38.977,,32:39.0,32:39.0,0,750,#N/A,#N/A,00:01:01,60.807,1
pert-josh,M8@bmm,4571,433,7985,1,814,NULL,2423377,2423377,2423377,NULL,LIMIT,SELL,1,760,2019-03-01T06:32:39.642,2019-03-01T06:32:39.645,,32:39.6,32:39.6,0,750,#N/A,#N/A,00:01:01,61.475,-1
pert-josh,M5@bmm,4568,433,7985,1,814,NULL,2423379,2423378,2423378,2423374,LIMIT,SELL,1,730,2019-03-01T06:32:39.737,2019-03-01T06:32:39.741,,32:39.7,32:39.7,1,750,730,-20,00:01:02,61.57,-1
pert-josh,M6@bmm,4569,433,7985,1,814,NULL,2423380,2423380,2423380,NULL,LIMIT,BUY,1,710,2019-03-01T06:32:41.479,2019-03-01T06:32:41.482,,32:41.5,32:41.5,0,750,#N/A,#N/A,00:01:03,63.312,1
pert-josh,M3@bmm,4566,433,7985,1,814,NULL,2423381,2423381,2423381,2423373,LIMIT,BUY,1,740,2019-03-01T06:32:42.454,2019-03-01T06:32:42.460,,32:42.5,32:42.5,1,750,740,-10,00:01:04,64.287,1
pert-josh,M6@bmm,4569,433,7985,1,814,NULL,2423382,2423382,2423382,NULL,LIMIT,BUY,1,715,2019-03-01T06:32:43.888,2019-03-01T06:32:43.890,,32:43.9,32:43.9,0,750,#N/A,#N/A,00:01:06,65.721,1
pert-josh,M4@bmm,4567,433,7985,1,814,NULL,2423383,2423383,2423383,2423387,LIMIT,BUY,1,730,2019-03-01T06:32:44.688,2019-03-01T06:32:53.538,,32:44.7,32:44.7,0,750,#N/A,#N/A,00:01:07,66.521,1
pert-josh,M8@bmm,4571,433,7985,1,814,NULL,2423384,2423384,2423384,NULL,LIMIT,SELL,1,760,2019-03-01T06:32:44.946,2019-03-01T06:32:44.949,,32:44.9,32:44.9,0,750,#N/A,#N/A,00:01:07,66.779,-1
pert-josh,M5@bmm,4568,433,7985,1,814,NULL,2423387,2423387,2423387,2423383,LIMIT,SELL,1,730,2019-03-01T06:32:53.533,2019-03-01T06:32:53.538,,32:53.5,32:53.5,1,750,730,-20,00:01:15,75.366,-1
pert-josh,M3@bmm,4566,433,7985,1,814,NULL,2423396,2423396,2423396,NULL,LIMIT,SELL,1,760,2019-03-01T06:33:06.915,2019-03-01T06:33:06.918,,33:06.9,33:06.9,0,750,#N/A,#N/A,00:01:29,88.748,-1
pert-josh,M6@bmm,4569,433,7985,1,814,NULL,2423398,2423398,2423398,2423445,LIMIT,SELL,1,755,2019-03-01T06:33:08.817,2019-03-01T06:33:58.955,,33:08.8,33:08.8,0,750,#N/A,#N/A,00:01:31,90.65,-1
pert-josh,M4@bmm,4567,433,7985,1,814,NULL,2423401,2423401,2423401,NULL,LIMIT,SELL,1,760,2019-03-01T06:33:13.105,2019-03-01T06:33:13.109,,33:13.1,33:13.1,0,750,#N/A,#N/A,00:01:35,94.938,-1
pert-josh,M7@bmm,4570,433,7985,1,814,NULL,2423402,2423402,2423402,2423407,LIMIT,SELL,1,750,2019-03-01T06:33:13.206,2019-03-01T06:33:18.269,,33:13.2,33:13.2,0,750,#N/A,#N/A,00:01:35,95.039,-1
pert-josh,M6@bmm,4569,433,7985,1,814,NULL,2423405,2423405,2423405,2423454,LIMIT,SELL,1,755,2019-03-01T06:33:15.207,2019-03-01T06:34:17.754,,33:15.2,33:15.2,0,750,#N/A,#N/A,00:01:37,97.04,-1
pert-josh,M6@bmm,4569,433,7985,1,814,NULL,2423406,2423406,2423406,2423468,LIMIT,SELL,1,755,2019-03-01T06:33:15.445,2019-03-01T06:34:34.177,,33:15.4,33:15.4,0,750,#N/A,#N/A,00:01:37,97.278,-1
pert-josh,M6@bmm,4569,433,7985,1,814,NULL,2423407,2423407,2423407,2423402,LIMIT,BUY,1,750,2019-03-01T06:33:18.263,2019-03-01T06:33:18.269,,33:18.3,33:18.3,1,750,750,0,00:01:40,100.096,1
pert-josh,M4@bmm,4567,433,7985,1,814,NULL,2423408,2423408,2423408,2423409,LIMIT,SELL,1,725,2019-03-01T06:33:18.808,2019-03-01T06:33:18.819,,33:18.8,33:18.8,0,750,#N/A,#N/A,00:01:41,100.641,-1
pert-josh,M2@bmm,4565,433,7985,1,814,NULL,2423409,2423403,2423403,2423408,LIMIT,BUY,1,725,2019-03-01T06:33:18.813,2019-03-01T06:33:18.819,,33:18.8,33:18.8,1,750,725,-25,00:01:41,100.646,1
pert-josh,M6@bmm,4569,433,7985,1,814,NULL,2423411,2423411,2423411,2423413,LIMIT,BUY,1,750,2019-03-01T06:33:20.183,2019-03-01T06:33:20.896,,33:20.2,33:20.2,0,750,#N/A,#N/A,00:01:42,102.016,1
pert-josh,M4@bmm,4567,433,7985,1,814,NULL,2423413,2423412,2423412,2423411,LIMIT,SELL,1,750,2019-03-01T06:33:20.893,2019-03-01T06:33:20.896,,33:20.9,33:20.9,1,750,750,0,00:01:43,102.726,-1
pert-josh,M6@bmm,4569,433,7985,1,814,NULL,2423414,2423414,2423414,2423416,LIMIT,BUY,1,750,2019-03-01T06:33:22.048,2019-03-01T06:33:31.910,,33:22.0,33:22.0,0,750,#N/A,#N/A,00:01:44,103.881,1
pert-josh,M2@bmm,4565,433,7985,1,814,NULL,2423416,2423415,2423415,2423414,LIMIT,SELL,1,750,2019-03-01T06:33:31.904,2019-03-01T06:33:31.910,,33:31.9,33:31.9,1,750,750,0,00:01:54,113.737,-1
pert-josh,M2@bmm,4565,433,7985,1,814,NULL,2423417,2423415,2423415,2423418,LIMIT,SELL,1,750,2019-03-01T06:33:31.897,2019-03-01T06:33:32.438,,33:31.9,33:31.9,0,750,#N/A,#N/A,00:01:54,113.73,-1
pert-josh,M7@bmm,4570,433,7985,1,814,NULL,2423418,2423418,2423418,2423417,LIMIT,BUY,1,750,2019-03-01T06:33:32.431,2019-03-01T06:33:32.438,,33:32.4,33:32.4,1,750,750,0,00:01:54,114.264,1
pert-josh,M6@bmm,4569,433,7985,1,814,NULL,2423420,2423420,2423420,2423427,LIMIT,BUY,1,750,2019-03-01T06:33:33.920,2019-03-01T06:33:36.157,,33:33.9,33:33.9,0,750,#N/A,#N/A,00:01:56,115.753,1
pert-josh,M6@bmm,4569,433,7985,1,814,NULL,2423421,2423421,2423421,2423428,LIMIT,BUY,1,750,2019-03-01T06:33:34.158,2019-03-01T06:33:36.158,,33:34.2,33:34.2,0,750,#N/A,#N/A,00:01:56,115.991,1
pert-josh,M6@bmm,4569,433,7985,1,814,NULL,2423422,2423422,2423422,2423431,LIMIT,BUY,1,750,2019-03-01T06:33:34.397,2019-03-01T06:33:37.660,,33:34.4,33:34.4,0,750,#N/A,#N/A,00:01:56,116.23,1
pert-josh,M6@bmm,4569,433,7985,1,814,NULL,2423423,2423423,2423423,2423432,LIMIT,BUY,1,750,2019-03-01T06:33:35.480,2019-03-01T06:33:37.660,,33:35.5,33:35.5,0,750,#N/A,#N/A,00:01:57,117.313,1
pert-josh,M6@bmm,4569,433,7985,1,814,NULL,2423424,2423424,2423424,2423434,LIMIT,BUY,1,750,2019-03-01T06:33:35.738,2019-03-01T06:33:39.504,,33:35.7,33:35.7,0,750,#N/A,#N/A,00:01:58,117.571,1
pert-josh,M6@bmm,4569,433,7985,1,814,NULL,2423425,2423425,2423425,2423479,LIMIT,BUY,1,750,2019-03-01T06:33:35.950,2019-03-01T06:34:46.895,,33:35.9,33:35.9,0,750,#N/A,#N/A,00:01:58,117.783,1
pert-josh,M2@bmm,4565,433,7985,1,814,NULL,2423427,2423426,2423426,2423420,LIMIT,SELL,1,750,2019-03-01T06:33:36.151,2019-03-01T06:33:36.158,,33:36.2,33:36.2,1,750,750,0,00:01:58,117.984,-1
pert-josh,M2@bmm,4565,433,7985,1,814,NULL,2423428,2423426,2423426,2423421,LIMIT,SELL,1,750,2019-03-01T06:33:36.154,2019-03-01T06:33:36.158,,33:36.2,33:36.2,1,750,750,0,00:01:58,117.987,-1
pert-josh,M3@bmm,4566,433,7985,1,814,NULL,2423429,2423429,2423429,2423480,LIMIT,BUY,1,750,2019-03-01T06:33:36.531,2019-03-01T06:34:46.896,,33:36.5,33:36.5,0,750,#N/A,#N/A,00:01:58,118.364,1
pert-josh,M2@bmm,4565,433,7985,1,814,NULL,2423431,2423430,2423430,2423422,LIMIT,SELL,1,750,2019-03-01T06:33:37.653,2019-03-01T06:33:37.660,,33:37.7,33:37.7,1,750,750,0,00:01:59,119.486,-1
pert-josh,M2@bmm,4565,433,7985,1,814,NULL,2423432,2423430,2423430,2423423,LIMIT,SELL,1,750,2019-03-01T06:33:37.656,2019-03-01T06:33:37.660,,33:37.7,33:37.7,1,750,750,0,00:01:59,119.489,-1
pert-josh,M1@bmm,4564,433,7985,1,814,NULL,2423434,2423434,2423434,2423424,LIMIT,SELL,1,750,2019-03-01T06:33:39.499,2019-03-01T06:33:39.504,,33:39.5,33:39.5,1,750,750,0,00:02:01,121.332,-1
pert-josh,M6@bmm,4569,433,7985,1,814,NULL,2423436,2423436,2423436,2423481,LIMIT,BUY,1,750,2019-03-01T06:33:42.815,2019-03-01T06:34:46.896,,33:42.8,33:42.8,0,750,#N/A,#N/A,00:02:05,124.648,1
pert-josh,M6@bmm,4569,433,7985,1,814,NULL,2423437,2423437,2423437,2423482,LIMIT,BUY,1,750,2019-03-01T06:33:43.252,2019-03-01T06:34:46.896,,33:43.3,33:43.3,0,750,#N/A,#N/A,00:02:05,125.085,1
pert-josh,M7@bmm,4570,433,7985,1,814,NULL,2423439,2423439,2423439,2423507,LIMIT,SELL,1,755,2019-03-01T06:33:46.440,2019-03-01T06:35:34.836,,33:46.4,33:46.4,0,750,#N/A,#N/A,00:02:08,128.273,-1
pert-josh,M3@bmm,4566,433,7985,1,814,NULL,2423445,2423445,2423445,2423398,LIMIT,BUY,1,755,2019-03-01T06:33:58.948,2019-03-01T06:33:58.955,,33:58.9,33:58.9,1,750,755,5,00:02:21,140.781,1
pert-josh,M4@bmm,4567,433,7985,1,814,NULL,2423446,2423446,2423446,NULL,LIMIT,BUY,1,745,2019-03-01T06:34:00.426,2019-03-01T06:34:00.431,,34:00.4,34:00.4,0,750,#N/A,#N/A,00:02:22,142.259,1
pert-josh,M6@bmm,4569,433,7985,1,814,NULL,2423447,2423447,2423447,2423509,LIMIT,SELL,1,755,2019-03-01T06:34:00.783,2019-03-01T06:35:36.632,,34:00.8,34:00.8,0,750,#N/A,#N/A,00:02:23,142.616,-1
pert-josh,M6@bmm,4569,433,7985,1,814,NULL,2423452,2423452,2423452,NULL,LIMIT,SELL,1,770,2019-03-01T06:34:07.422,2019-03-01T06:34:07.425,,34:07.4,34:07.4,0,750,#N/A,#N/A,00:02:29,149.255,-1
pert-josh,M6@bmm,4569,433,7985,1,814,NULL,2423453,2423453,2423453,NULL,LIMIT,SELL,1,770,2019-03-01T06:34:09.287,2019-03-01T06:34:09.290,,34:09.3,34:09.3,0,750,#N/A,#N/A,00:02:31,151.12,-1
pert-josh,M3@bmm,4566,433,7985,1,814,NULL,2423454,2423454,2423454,2423405,LIMIT,BUY,1,755,2019-03-01T06:34:17.749,2019-03-01T06:34:17.754,,34:17.7,34:17.7,1,750,755,5,00:02:40,159.582,1
pert-josh,M6@bmm,4569,433,7985,1,814,NULL,2423457,2423457,2423457,2423484,LIMIT,BUY,1,750,2019-03-01T06:34:21.063,2019-03-01T06:34:46.914,,34:21.1,34:21.1,0,750,#N/A,#N/A,00:02:43,162.896,1
pert-josh,M4@bmm,4567,433,7985,1,814,NULL,2423458,2423458,2423458,2423511,LIMIT,SELL,1,755,2019-03-01T06:34:21.124,2019-03-01T06:35:36.950,,34:21.1,34:21.1,0,750,#N/A,#N/A,00:02:43,162.957,-1
pert-josh,M7@bmm,4570,433,7985,1,814,NULL,2423459,2423459,2423459,2423512,LIMIT,SELL,1,755,2019-03-01T06:34:21.912,2019-03-01T06:35:36.950,,34:21.9,34:21.9,0,750,#N/A,#N/A,00:02:44,163.745,-1
pert-josh,M7@bmm,4570,433,7985,1,814,NULL,2423463,2423463,2423463,2423534,LIMIT,BUY,1,750,2019-03-01T06:34:28.888,2019-03-01T06:36:28.430,,34:28.9,34:28.9,0,750,#N/A,#N/A,00:02:51,170.721,1
pert-josh,M3@bmm,4566,433,7985,1,814,NULL,2423468,2423468,2423468,2423406,LIMIT,BUY,1,755,2019-03-01T06:34:34.171,2019-03-01T06:34:34.176,,34:34.2,34:34.2,1,750,755,5,00:02:56,176.004,1
pert-josh,M6@bmm,4569,433,7985,1,814,NULL,2423470,2423470,2423470,NULL,LIMIT,SELL,1,760,2019-03-01T06:34:35.967,2019-03-01T06:34:35.970,,34:36.0,34:36.0,0,750,#N/A,#N/A,00:02:58,177.8,-1
pert-josh,M8@bmm,4571,433,7985,1,814,NULL,2423471,2423471,2423471,NULL,LIMIT,BUY,1,750,2019-03-01T06:34:37.473,2019-03-01T06:34:37.476,,34:37.5,34:37.5,0,750,#N/A,#N/A,00:02:59,179.306,1
pert-josh,M6@bmm,4569,433,7985,1,814,NULL,2423474,2423474,2423474,NULL,LIMIT,SELL,1,775,2019-03-01T06:34:43.447,2019-03-01T06:34:43.450,,34:43.4,34:43.4,0,750,#N/A,#N/A,00:03:05,185.28,-1
pert-josh,M6@bmm,4569,433,7985,1,814,NULL,2423476,2423476,2423476,NULL,LIMIT,SELL,1,780,2019-03-01T06:34:45.087,2019-03-01T06:34:45.090,,34:45.1,34:45.1,0,750,#N/A,#N/A,00:03:07,186.92,-1
pert-josh,M6@bmm,4569,433,7985,1,814,NULL,2423477,2423477,2423477,NULL,LIMIT,SELL,1,785,2019-03-01T06:34:46.455,2019-03-01T06:34:46.459,,34:46.5,34:46.5,0,750,#N/A,#N/A,00:03:08,188.288,-1
pert-josh,M7@bmm,4570,433,7985,1,814,NULL,2423479,2423478,2423478,2423425,LIMIT,SELL,1,750,2019-03-01T06:34:46.877,2019-03-01T06:34:46.896,,34:46.9,34:46.9,1,750,750,0,00:03:09,188.71,-1
pert-josh,M7@bmm,4570,433,7985,1,814,NULL,2423480,2423478,2423478,2423429,LIMIT,SELL,1,750,2019-03-01T06:34:46.881,2019-03-01T06:34:46.896,,34:46.9,34:46.9,1,750,750,0,00:03:09,188.714,-1
pert-josh,M7@bmm,4570,433,7985,1,814,NULL,2423481,2423478,2423478,2423436,LIMIT,SELL,1,750,2019-03-01T06:34:46.884,2019-03-01T06:34:46.896,,34:46.9,34:46.9,1,750,750,0,00:03:09,188.717,-1
pert-josh,M7@bmm,4570,433,7985,1,814,NULL,2423482,2423478,2423478,2423437,LIMIT,SELL,1,750,2019-03-01T06:34:46.888,2019-03-01T06:34:46.896,,34:46.9,34:46.9,1,750,750,0,00:03:09,188.721,-1
pert-josh,M7@bmm,4570,433,7985,1,814,NULL,2423484,2423478,2423478,2423457,LIMIT,SELL,1,750,2019-03-01T06:34:46.911,2019-03-01T06:34:46.914,,34:46.9,34:46.9,1,750,750,0,00:03:09,188.744,-1
pert-josh,M6@bmm,4569,433,7985,1,814,NULL,2423485,2423485,2423485,NULL,LIMIT,SELL,1,790,2019-03-01T06:34:47.617,2019-03-01T06:34:47.620,,34:47.6,34:47.6,0,750,#N/A,#N/A,00:03:09,189.45,-1
pert-josh,M6@bmm,4569,433,7985,1,814,NULL,2423486,2423486,2423486,NULL,LIMIT,SELL,1,795,2019-03-01T06:34:49.206,2019-03-01T06:34:49.209,,34:49.2,34:49.2,0,750,#N/A,#N/A,00:03:11,191.039,-1
pert-josh,M6@bmm,4569,433,7985,1,814,NULL,2423487,2423487,2423487,NULL,LIMIT,SELL,1,800,2019-03-01T06:34:50.983,2019-03-01T06:34:50.985,,34:51.0,34:51.0,0,750,#N/A,#N/A,00:03:13,192.816,-1
pert-josh,M6@bmm,4569,433,7985,1,814,NULL,2423488,2423488,2423488,NULL,LIMIT,SELL,1,805,2019-03-01T06:34:52.183,2019-03-01T06:34:52.186,,34:52.2,34:52.2,0,750,#N/A,#N/A,00:03:14,194.016,-1
pert-josh,M6@bmm,4569,433,7985,1,814,NULL,2423489,2423489,2423489,NULL,LIMIT,SELL,1,810,2019-03-01T06:34:53.398,2019-03-01T06:34:53.401,,34:53.4,34:53.4,0,750,#N/A,#N/A,00:03:15,195.231,-1
pert-josh,M6@bmm,4569,433,7985,1,814,NULL,2423490,2423490,2423490,NULL,LIMIT,SELL,1,815,2019-03-01T06:34:54.503,2019-03-01T06:34:54.505,,34:54.5,34:54.5,0,750,#N/A,#N/A,00:03:16,196.336,-1
pert-josh,M6@bmm,4569,433,7985,1,814,NULL,2423492,2423492,2423492,NULL,LIMIT,SELL,1,820,2019-03-01T06:34:56.551,2019-03-01T06:34:56.553,,34:56.6,34:56.6,0,750,#N/A,#N/A,00:03:18,198.384,-1
pert-josh,M4@bmm,4567,433,7985,1,814,NULL,2423493,2423493,2423493,NULL,LIMIT,BUY,1,745,2019-03-01T06:34:57.874,2019-03-01T06:34:57.877,,34:57.9,34:57.9,0,750,#N/A,#N/A,00:03:20,199.707,1
pert-josh,M6@bmm,4569,433,7985,1,814,NULL,2423494,2423494,2423494,NULL,LIMIT,BUY,1,750,2019-03-01T06:35:04.512,2019-03-01T06:35:04.515,,35:04.5,35:04.5,0,750,#N/A,#N/A,00:03:26,206.345,1
pert-josh,M6@bmm,4569,433,7985,1,814,NULL,2423495,2423495,2423495,NULL,LIMIT,BUY,1,750,2019-03-01T06:35:05.270,2019-03-01T06:35:05.273,,35:05.3,35:05.3,0,750,#N/A,#N/A,00:03:27,207.103,1
pert-josh,M3@bmm,4566,433,7985,1,814,NULL,2423501,2423501,2423501,NULL,LIMIT,BUY,1,750,2019-03-01T06:35:11.833,2019-03-01T06:35:11.836,,35:11.8,35:11.8,0,750,#N/A,#N/A,00:03:34,213.666,1
pert-josh,M3@bmm,4566,433,7985,1,814,NULL,2423502,2423502,2423502,NULL,LIMIT,BUY,1,745,2019-03-01T06:35:21.147,2019-03-01T06:35:21.149,,35:21.1,35:21.1,0,750,#N/A,#N/A,00:03:43,222.98,1
pert-josh,M3@bmm,4566,433,7985,1,814,NULL,2423505,2423505,2423505,NULL,LIMIT,BUY,1,730,2019-03-01T06:35:28.203,2019-03-01T06:35:28.205,,35:28.2,35:28.2,0,750,#N/A,#N/A,00:03:50,230.036,1
pert-josh,M8@bmm,4571,433,7985,1,814,NULL,2423506,2423506,2423506,NULL,LIMIT,BUY,1,750,2019-03-01T06:35:29.058,2019-03-01T06:35:29.062,,35:29.1,35:29.1,0,750,#N/A,#N/A,00:03:51,230.891,1
pert-josh,M4@bmm,4567,433,7985,1,814,NULL,2423507,2423507,2423507,2423439,LIMIT,BUY,1,755,2019-03-01T06:35:34.828,2019-03-01T06:35:34.835,,35:34.8,35:34.8,1,750,755,5,00:03:57,236.661,1
pert-josh,M4@bmm,4567,433,7985,1,814,NULL,2423509,2423509,2423509,2423447,LIMIT,BUY,1,755,2019-03-01T06:35:36.626,2019-03-01T06:35:36.632,,35:36.6,35:36.6,1,750,755,5,00:03:58,238.459,1
pert-josh,M2@bmm,4565,433,7985,1,814,NULL,2423511,2423510,2423510,2423458,LIMIT,BUY,1,755,2019-03-01T06:35:36.943,2019-03-01T06:35:36.950,,35:36.9,35:36.9,1,750,755,5,00:03:59,238.776,1
pert-josh,M2@bmm,4565,433,7985,1,814,NULL,2423512,2423510,2423510,2423459,LIMIT,BUY,1,755,2019-03-01T06:35:36.946,2019-03-01T06:35:36.950,,35:36.9,35:36.9,1,750,755,5,00:03:59,238.779,1
pert-josh,M3@bmm,4566,433,7985,1,814,NULL,2423513,2423513,2423513,2423514,LIMIT,BUY,1,755,2019-03-01T06:35:41.102,2019-03-01T06:35:41.115,,35:41.1,35:41.1,0,750,#N/A,#N/A,00:04:03,242.935,1
pert-josh,M1@bmm,4564,433,7985,1,814,NULL,2423514,2423491,2423491,2423513,LIMIT,SELL,1,755,2019-03-01T06:35:41.109,2019-03-01T06:35:41.115,,35:41.1,35:41.1,1,750,755,5,00:04:03,242.942,-1
pert-josh,M4@bmm,4567,433,7985,1,814,NULL,2423516,2423516,2423516,2423528,LIMIT,SELL,1,755,2019-03-01T06:35:42.370,2019-03-01T06:35:55.622,,35:42.4,35:42.4,0,750,#N/A,#N/A,00:04:04,244.203,-1
pert-josh,M4@bmm,4567,433,7985,1,814,NULL,2423517,2423517,2423517,2423529,LIMIT,SELL,1,755,2019-03-01T06:35:43.395,2019-03-01T06:35:55.623,,35:43.4,35:43.4,0,750,#N/A,#N/A,00:04:05,245.228,-1
pert-josh,M7@bmm,4570,433,7985,1,814,NULL,2423518,2423518,2423518,2423530,LIMIT,SELL,1,755,2019-03-01T06:35:44.401,2019-03-01T06:36:04.512,,35:44.4,35:44.4,0,750,#N/A,#N/A,00:04:06,246.234,-1
pert-josh,M7@bmm,4570,433,7985,1,814,NULL,2423525,2423525,2423525,NULL,LIMIT,SELL,1,755,2019-03-01T06:35:52.025,2019-03-01T06:35:52.028,,35:52.0,35:52.0,0,750,#N/A,#N/A,00:04:14,253.858,-1
pert-josh,M2@bmm,4565,433,7985,1,814,NULL,2423528,2423527,2423527,2423516,LIMIT,BUY,1,755,2019-03-01T06:35:55.613,2019-03-01T06:35:55.623,,35:55.6,35:55.6,1,750,755,5,00:04:17,257.446,1
pert-josh,M2@bmm,4565,433,7985,1,814,NULL,2423529,2423527,2423527,2423517,LIMIT,BUY,1,755,2019-03-01T06:35:55.618,2019-03-01T06:35:55.623,,35:55.6,35:55.6,1,750,755,5,00:04:17,257.451,1
pert-josh,M8@bmm,4571,433,7985,1,814,NULL,2423530,2423530,2423530,2423518,LIMIT,BUY,1,755,2019-03-01T06:36:04.506,2019-03-01T06:36:04.512,,36:04.5,36:04.5,1,750,755,5,00:04:26,266.339,1
pert-josh,M2@bmm,4565,433,7985,1,814,NULL,2423532,2423532,2423532,NULL,LIMIT,SELL,1,755,2019-03-01T06:36:10.322,2019-03-01T06:36:10.325,,36:10.3,36:10.3,0,750,#N/A,#N/A,00:04:32,272.155,-1
pert-josh,M1@bmm,4564,433,7985,1,814,NULL,2423534,2423534,2423534,2423463,LIMIT,SELL,1,750,2019-03-01T06:36:28.424,2019-03-01T06:36:28.429,,36:28.4,36:28.4,1,750,750,0,00:04:50,290.257,-1
pert-josh,M7@bmm,4570,433,7986,2,814,NULL,2423537,2423537,2423537,2423542,LIMIT,SELL,1,700,2019-03-01T06:37:11.988,2019-03-01T06:37:26.089,,37:12.0,37:12.0,0,700,#N/A,#N/A,00:05:34,333.821,-1
pert-josh,M6@bmm,4569,433,7986,2,814,NULL,2423538,2423538,2423538,NULL,LIMIT,BUY,1,685,2019-03-01T06:37:17.263,2019-03-01T06:37:17.265,,37:17.3,37:17.3,0,700,#N/A,#N/A,00:05:39,339.096,1
pert-josh,M6@bmm,4569,433,7986,2,814,NULL,2423539,2423539,2423539,NULL,LIMIT,BUY,1,690,2019-03-01T06:37:18.750,2019-03-01T06:37:18.752,,37:18.7,37:18.7,0,700,#N/A,#N/A,00:05:41,340.583,1
pert-josh,M6@bmm,4569,433,7986,2,814,NULL,2423540,2423540,2423540,NULL,LIMIT,BUY,1,695,2019-03-01T06:37:20.264,2019-03-01T06:37:20.266,,37:20.3,37:20.3,0,700,#N/A,#N/A,00:05:42,342.097,1
pert-josh,M4@bmm,4567,433,7986,2,814,NULL,2423541,2423541,2423541,2423555,LIMIT,SELL,1,705,2019-03-01T06:37:25.511,2019-03-01T06:37:32.983,,37:25.5,37:25.5,0,700,#N/A,#N/A,00:05:47,347.344,-1
pert-josh,M3@bmm,4566,433,7986,2,814,NULL,2423542,2423542,2423542,2423537,LIMIT,BUY,1,700,2019-03-01T06:37:26.084,2019-03-01T06:37:26.089,,37:26.1,37:26.1,1,700,700,0,00:05:48,347.917,1
pert-josh,M4@bmm,4567,433,7986,2,814,NULL,2423546,2423546,2423546,2423557,LIMIT,SELL,1,705,2019-03-01T06:37:28.485,2019-03-01T06:37:33.496,,37:28.5,37:28.5,0,700,#N/A,#N/A,00:05:50,350.318,-1
pert-josh,M7@bmm,4570,433,7986,2,814,NULL,2423547,2423547,2423547,NULL,LIMIT,SELL,1,710,2019-03-01T06:37:30.789,2019-03-01T06:37:30.791,,37:30.8,37:30.8,0,700,#N/A,#N/A,00:05:53,352.622,-1
pert-josh,M7@bmm,4570,433,7986,2,814,NULL,2423550,2423550,2423550,2423573,LIMIT,SELL,1,705,2019-03-01T06:37:32.523,2019-03-01T06:37:58.992,,37:32.5,37:32.5,0,700,#N/A,#N/A,00:05:54,354.356,-1
pert-josh,M3@bmm,4566,433,7986,2,814,NULL,2423555,2423554,2423554,2423541,LIMIT,BUY,1,705,2019-03-01T06:37:32.980,2019-03-01T06:37:32.984,,37:33.0,37:33.0,1,700,705,5,00:05:55,354.813,1
pert-josh,M1@bmm,4564,433,7986,2,814,NULL,2423557,2423556,2423556,2423546,LIMIT,BUY,1,705,2019-03-01T06:37:33.492,2019-03-01T06:37:33.496,,37:33.5,37:33.5,1,700,705,5,00:05:55,355.325,1
pert-josh,M7@bmm,4570,433,7986,2,814,NULL,2423564,2423564,2423564,2423594,LIMIT,BUY,1,700,2019-03-01T06:37:39.405,2019-03-01T06:38:14.171,,37:39.4,37:39.4,0,700,#N/A,#N/A,00:06:01,361.238,1
pert-josh,M4@bmm,4567,433,7986,2,814,NULL,2423565,2423565,2423565,2423574,LIMIT,SELL,1,705,2019-03-01T06:37:41.294,2019-03-01T06:37:58.993,,37:41.3,37:41.3,0,700,#N/A,#N/A,00:06:03,363.127,-1
pert-josh,M3@bmm,4566,433,7986,2,814,NULL,2423566,2423566,2423566,NULL,LIMIT,SELL,1,710,2019-03-01T06:37:45.727,2019-03-01T06:37:45.730,,37:45.7,37:45.7,0,700,#N/A,#N/A,00:06:08,367.56,-1
pert-josh,M6@bmm,4569,433,7986,2,814,NULL,2423567,2423567,2423567,NULL,LIMIT,BUY,1,690,2019-03-01T06:37:47.814,2019-03-01T06:37:47.816,,37:47.8,37:47.8,0,700,#N/A,#N/A,00:06:10,369.647,1
pert-josh,M6@bmm,4569,433,7986,2,814,NULL,2423570,2423570,2423570,NULL,LIMIT,BUY,1,690,2019-03-01T06:37:53.135,2019-03-01T06:37:53.137,,37:53.1,37:53.1,0,700,#N/A,#N/A,00:06:15,374.968,1
pert-josh,M2@bmm,4565,433,7986,2,814,NULL,2423573,2423572,2423572,2423550,LIMIT,BUY,1,705,2019-03-01T06:37:58.985,2019-03-01T06:37:58.992,,37:59.0,37:59.0,1,700,705,5,00:06:21,380.818,1
pert-josh,M2@bmm,4565,433,7986,2,814,NULL,2423574,2423572,2423572,2423565,LIMIT,BUY,1,705,2019-03-01T06:37:58.989,2019-03-01T06:37:58.993,,37:59.0,37:59.0,1,700,705,5,00:06:21,380.822,1
pert-josh,M6@bmm,4569,433,7986,2,814,NULL,2423575,2423575,2423575,NULL,LIMIT,BUY,1,690,2019-03-01T06:37:59.693,2019-03-01T06:37:59.696,,37:59.7,37:59.7,0,700,#N/A,#N/A,00:06:22,381.526,1
pert-josh,M6@bmm,4569,433,7986,2,814,NULL,2423576,2423576,2423576,NULL,LIMIT,BUY,1,690,2019-03-01T06:38:00.750,2019-03-01T06:38:00.753,,38:00.7,38:00.7,0,700,#N/A,#N/A,00:06:23,382.583,1
pert-josh,M4@bmm,4567,433,7986,2,814,NULL,2423577,2423577,2423577,2423581,LIMIT,SELL,1,705,2019-03-01T06:38:00.837,2019-03-01T06:38:02.981,,38:00.8,38:00.8,0,700,#N/A,#N/A,00:06:23,382.67,-1
pert-josh,M4@bmm,4567,433,7986,2,814,NULL,2423578,2423578,2423578,2423582,LIMIT,SELL,1,705,2019-03-01T06:38:01.749,2019-03-01T06:38:02.981,,38:01.7,38:01.7,0,700,#N/A,#N/A,00:06:24,383.582,-1
pert-josh,M5@bmm,4568,433,7986,2,814,NULL,2423581,2423580,2423580,2423577,LIMIT,BUY,1,705,2019-03-01T06:38:02.973,2019-03-01T06:38:02.981,,38:03.0,38:03.0,1,700,705,5,00:06:25,384.806,1
pert-josh,M5@bmm,4568,433,7986,2,814,NULL,2423582,2423580,2423580,2423578,LIMIT,BUY,1,705,2019-03-01T06:38:02.977,2019-03-01T06:38:02.982,,38:03.0,38:03.0,1,700,705,5,00:06:25,384.81,1
pert-josh,M4@bmm,4567,433,7986,2,814,NULL,2423583,2423583,2423583,2423588,LIMIT,SELL,1,705,2019-03-01T06:38:04.565,2019-03-01T06:38:06.657,,38:04.6,38:04.6,0,700,#N/A,#N/A,00:06:26,386.398,-1
pert-josh,M6@bmm,4569,433,7986,2,814,NULL,2423584,2423584,2423584,NULL,LIMIT,BUY,1,695,2019-03-01T06:38:05.591,2019-03-01T06:38:05.594,,38:05.6,38:05.6,0,700,#N/A,#N/A,00:06:27,387.424,1
pert-josh,M6@bmm,4569,433,7986,2,814,NULL,2423585,2423585,2423585,NULL,LIMIT,BUY,1,695,2019-03-01T06:38:05.860,2019-03-01T06:38:05.863,,38:05.9,38:05.9,0,700,#N/A,#N/A,00:06:28,387.693,1
pert-josh,M6@bmm,4569,433,7986,2,814,NULL,2423586,2423586,2423586,NULL,LIMIT,BUY,1,695,2019-03-01T06:38:06.136,2019-03-01T06:38:06.139,,38:06.1,38:06.1,0,700,#N/A,#N/A,00:06:28,387.969,1
pert-josh,M6@bmm,4569,433,7986,2,814,NULL,2423587,2423587,2423587,NULL,LIMIT,BUY,1,695,2019-03-01T06:38:06.463,2019-03-01T06:38:06.465,,38:06.5,38:06.5,0,700,#N/A,#N/A,00:06:28,388.296,1
pert-josh,M8@bmm,4571,433,7986,2,814,NULL,2423588,2423588,2423588,2423583,LIMIT,BUY,1,705,2019-03-01T06:38:06.652,2019-03-01T06:38:06.657,,38:06.7,38:06.7,1,700,705,5,00:06:28,388.485,1
pert-josh,M6@bmm,4569,433,7986,2,814,NULL,2423589,2423589,2423589,NULL,LIMIT,BUY,1,695,2019-03-01T06:38:06.696,2019-03-01T06:38:06.699,,38:06.7,38:06.7,0,700,#N/A,#N/A,00:06:29,388.529,1
pert-josh,M6@bmm,4569,433,7986,2,814,NULL,2423590,2423590,2423590,NULL,LIMIT,BUY,1,695,2019-03-01T06:38:06.974,2019-03-01T06:38:06.976,,38:07.0,38:07.0,0,700,#N/A,#N/A,00:06:29,388.807,1
pert-josh,M6@bmm,4569,433,7986,2,814,NULL,2423591,2423591,2423591,NULL,LIMIT,BUY,1,695,2019-03-01T06:38:07.183,2019-03-01T06:38:07.185,,38:07.2,38:07.2,0,700,#N/A,#N/A,00:06:29,389.016,1
pert-josh,M6@bmm,4569,433,7986,2,814,NULL,2423592,2423592,2423592,NULL,LIMIT,BUY,1,695,2019-03-01T06:38:07.342,2019-03-01T06:38:07.345,,38:07.3,38:07.3,0,700,#N/A,#N/A,00:06:29,389.175,1
pert-josh,M4@bmm,4567,433,7986,2,814,NULL,2423593,2423593,2423593,2423597,LIMIT,SELL,1,705,2019-03-01T06:38:09.479,2019-03-01T06:38:14.621,,38:09.5,38:09.5,0,700,#N/A,#N/A,00:06:31,391.312,-1
pert-josh,M3@bmm,4566,433,7986,2,814,NULL,2423594,2423594,2423594,2423564,LIMIT,SELL,1,700,2019-03-01T06:38:14.166,2019-03-01T06:38:14.171,,38:14.2,38:14.2,1,700,700,0,00:06:36,395.999,-1
pert-josh,M1@bmm,4564,433,7986,2,814,NULL,2423597,2423596,2423596,2423593,LIMIT,BUY,1,705,2019-03-01T06:38:14.615,2019-03-01T06:38:14.621,,38:14.6,38:14.6,1,700,705,5,00:06:36,396.448,1
pert-josh,M1@bmm,4564,433,7986,2,814,NULL,2423598,2423596,2423596,2423600,LIMIT,BUY,1,705,2019-03-01T06:38:14.610,2019-03-01T06:38:18.118,,38:14.6,38:14.6,0,700,#N/A,#N/A,00:06:36,396.443,1
pert-josh,M7@bmm,4570,433,7986,2,814,NULL,2423599,2423599,2423599,NULL,LIMIT,SELL,1,710,2019-03-01T06:38:14.988,2019-03-01T06:38:14.991,,38:15.0,38:15.0,0,700,#N/A,#N/A,00:06:37,396.821,-1
pert-josh,M3@bmm,4566,433,7986,2,814,NULL,2423600,2423600,2423600,2423598,LIMIT,SELL,1,705,2019-03-01T06:38:18.112,2019-03-01T06:38:18.118,,38:18.1,38:18.1,1,700,705,5,00:06:40,399.945,-1
pert-josh,M4@bmm,4567,433,7986,2,814,NULL,2423601,2423601,2423601,2423604,LIMIT,SELL,1,705,2019-03-01T06:38:20.751,2019-03-01T06:38:26.471,,38:20.8,38:20.8,0,700,#N/A,#N/A,00:06:43,402.584,-1
pert-josh,M7@bmm,4570,433,7986,2,814,NULL,2423602,2423602,2423602,2423683,LIMIT,BUY,1,700,2019-03-01T06:38:24.925,2019-03-01T06:40:52.611,,38:24.9,38:24.9,0,700,#N/A,#N/A,00:06:47,406.758,1
pert-josh,M2@bmm,4565,433,7986,2,814,NULL,2423604,2423603,2423603,2423601,LIMIT,BUY,1,705,2019-03-01T06:38:26.466,2019-03-01T06:38:26.472,,38:26.5,38:26.5,1,700,705,5,00:06:48,408.299,1
pert-josh,M2@bmm,4565,433,7986,2,814,NULL,2423605,2423603,2423603,2423608,LIMIT,BUY,1,705,2019-03-01T06:38:26.460,2019-03-01T06:38:29.860,,38:26.5,38:26.5,0,700,#N/A,#N/A,00:06:48,408.293,1
pert-josh,M4@bmm,4567,433,7986,2,814,NULL,2423606,2423606,2423606,2423695,LIMIT,BUY,1,700,2019-03-01T06:38:27.158,2019-03-01T06:41:16.127,,38:27.2,38:27.2,0,700,#N/A,#N/A,00:06:49,408.991,1
pert-josh,M4@bmm,4567,433,7986,2,814,NULL,2423607,2423607,2423607,2423696,LIMIT,BUY,1,700,2019-03-01T06:38:29.807,2019-03-01T06:41:16.128,,38:29.8,38:29.8,0,700,#N/A,#N/A,00:06:52,411.64,1
pert-josh,M3@bmm,4566,433,7986,2,814,NULL,2423608,2423608,2423608,2423605,LIMIT,SELL,1,705,2019-03-01T06:38:29.854,2019-03-01T06:38:29.860,,38:29.9,38:29.9,1,700,705,5,00:06:52,411.687,-1
pert-josh,M7@bmm,4570,433,7986,2,814,NULL,2423612,2423612,2423612,2423613,LIMIT,BUY,1,705,2019-03-01T06:38:38.846,2019-03-01T06:38:38.859,,38:38.8,38:38.8,0,700,#N/A,#N/A,00:07:01,420.679,1
pert-josh,M2@bmm,4565,433,7986,2,814,NULL,2423613,2423609,2423609,2423612,LIMIT,SELL,1,705,2019-03-01T06:38:38.853,2019-03-01T06:38:38.859,,38:38.9,38:38.9,1,700,705,5,00:07:01,420.686,-1
pert-josh,M2@bmm,4565,433,7986,2,814,NULL,2423614,2423609,2423609,2423617,LIMIT,SELL,1,705,2019-03-01T06:38:35.894,2019-03-01T06:38:43.596,,38:35.9,38:35.9,0,700,#N/A,#N/A,00:06:58,417.727,-1
pert-josh,M4@bmm,4567,433,7986,2,814,NULL,2423615,2423615,2423615,2423624,LIMIT,SELL,1,705,2019-03-01T06:38:39.536,2019-03-01T06:38:47.246,,38:39.5,38:39.5,0,700,#N/A,#N/A,00:07:01,421.369,-1
pert-josh,M4@bmm,4567,433,7986,2,814,NULL,2423616,2423616,2423616,2423625,LIMIT,SELL,1,705,2019-03-01T06:38:40.637,2019-03-01T06:38:47.979,,38:40.6,38:40.6,0,700,#N/A,#N/A,00:07:02,422.47,-1
pert-josh,M3@bmm,4566,433,7986,2,814,NULL,2423617,2423617,2423617,2423614,LIMIT,BUY,1,705,2019-03-01T06:38:43.591,2019-03-01T06:38:43.596,,38:43.6,38:43.6,1,700,705,5,00:07:05,425.424,1
pert-josh,M3@bmm,4566,433,7986,2,814,NULL,2423619,2423619,2423619,2423620,LIMIT,BUY,1,705,2019-03-01T06:38:47.151,2019-03-01T06:38:47.162,,38:47.2,38:47.2,0,700,#N/A,#N/A,00:07:09,428.984,1
pert-josh,M1@bmm,4564,433,7986,2,814,NULL,2423620,2423611,2423611,2423619,LIMIT,SELL,1,705,2019-03-01T06:38:47.156,2019-03-01T06:38:47.163,,38:47.2,38:47.2,1,700,705,5,00:07:09,428.989,-1
pert-josh,M1@bmm,4564,433,7986,2,814,NULL,2423621,2423611,2423611,2423623,LIMIT,SELL,1,705,2019-03-01T06:38:37.594,2019-03-01T06:38:47.246,,38:37.6,38:37.6,0,700,#N/A,#N/A,00:06:59,419.427,-1
pert-josh,M5@bmm,4568,433,7986,2,814,NULL,2423623,2423622,2423622,2423621,LIMIT,BUY,1,705,2019-03-01T06:38:47.239,2019-03-01T06:38:47.246,,38:47.2,38:47.2,1,700,705,5,00:07:09,429.072,1
pert-josh,M5@bmm,4568,433,7986,2,814,NULL,2423624,2423622,2423622,2423615,LIMIT,BUY,1,705,2019-03-01T06:38:47.243,2019-03-01T06:38:47.246,,38:47.2,38:47.2,1,700,705,5,00:07:09,429.076,1
pert-josh,M3@bmm,4566,433,7986,2,814,NULL,2423625,2423625,2423625,2423616,LIMIT,BUY,1,705,2019-03-01T06:38:47.973,2019-03-01T06:38:47.979,,38:48.0,38:48.0,1,700,705,5,00:07:10,429.806,1
pert-josh,M8@bmm,4571,433,7986,2,814,NULL,2423626,2423626,2423626,2423630,LIMIT,SELL,1,705,2019-03-01T06:38:49.517,2019-03-01T06:38:52.596,,38:49.5,38:49.5,0,700,#N/A,#N/A,00:07:11,431.35,-1
pert-josh,M1@bmm,4564,433,7986,2,814,NULL,2423627,2423627,2423627,2423635,LIMIT,SELL,2,705,2019-03-01T06:38:50.259,2019-03-01T06:39:04.573,,38:50.3,38:50.3,0,700,#N/A,#N/A,00:07:12,432.092,-1
pert-josh,M4@bmm,4567,433,7986,2,814,NULL,2423628,2423628,2423628,2423637,LIMIT,SELL,1,705,2019-03-01T06:38:50.414,2019-03-01T06:39:07.810,,38:50.4,38:50.4,0,700,#N/A,#N/A,00:07:12,432.247,-1
pert-josh,M3@bmm,4566,433,7986,2,814,NULL,2423630,2423629,2423629,2423626,LIMIT,BUY,1,705,2019-03-01T06:38:52.591,2019-03-01T06:38:52.596,,38:52.6,38:52.6,1,700,705,5,00:07:14,434.424,1
pert-josh,M4@bmm,4567,433,7986,2,814,NULL,2423631,2423631,2423631,2423699,LIMIT,BUY,1,700,2019-03-01T06:38:56.655,2019-03-01T06:41:17.131,,38:56.7,38:56.7,0,700,#N/A,#N/A,00:07:18,438.488,1
pert-josh,M8@bmm,4571,433,7986,2,814,NULL,2423632,2423632,2423632,2423700,LIMIT,BUY,1,700,2019-03-01T06:39:01.078,2019-03-01T06:41:17.131,,39:01.1,39:01.1,0,700,#N/A,#N/A,00:07:23,442.911,1
pert-josh,M3@bmm,4566,433,7986,2,814,NULL,2423633,2423633,2423633,2423705,LIMIT,BUY,1,700,2019-03-01T06:39:02.294,2019-03-01T06:41:23.412,,39:02.3,39:02.3,0,700,#N/A,#N/A,00:07:24,444.127,1
pert-josh,M7@bmm,4570,433,7986,2,814,NULL,2423634,2423634,2423634,2423706,LIMIT,BUY,1,700,2019-03-01T06:39:03.669,2019-03-01T06:41:23.412,,39:03.7,39:03.7,0,700,#N/A,#N/A,00:07:26,445.502,1
pert-josh,M2@bmm,4565,433,7986,2,814,NULL,2423635,2423635,2423635,2423627,LIMIT,BUY,2,705,2019-03-01T06:39:04.565,2019-03-01T06:39:04.573,,39:04.6,39:04.6,1,700,705,5,00:07:26,446.398,1
pert-josh,M2@bmm,4565,433,7986,2,814,NULL,2423637,2423637,2423637,2423628,LIMIT,BUY,1,705,2019-03-01T06:39:07.805,2019-03-01T06:39:07.810,,39:07.8,39:07.8,1,700,705,5,00:07:30,449.638,1
pert-josh,M7@bmm,4570,433,7986,2,814,NULL,2423638,2423638,2423638,2423709,LIMIT,BUY,1,700,2019-03-01T06:39:13.797,2019-03-01T06:41:27.074,,39:13.8,39:13.8,0,700,#N/A,#N/A,00:07:36,455.63,1
pert-josh,M4@bmm,4567,433,7986,2,814,NULL,2423640,2423640,2423640,2423643,LIMIT,BUY,1,705,2019-03-01T06:39:18.558,2019-03-01T06:39:39.164,,39:18.6,39:18.6,0,700,#N/A,#N/A,00:07:40,460.391,1
pert-josh,M3@bmm,4566,433,7986,2,814,NULL,2423643,2423643,2423643,2423640,LIMIT,SELL,1,705,2019-03-01T06:39:39.158,2019-03-01T06:39:39.163,,39:39.2,39:39.2,1,700,705,5,00:08:01,480.991,-1
pert-josh,M1@bmm,4564,433,7986,2,814,NULL,2423645,2423645,2423645,2423646,LIMIT,SELL,1,705,2019-03-01T06:39:45.946,2019-03-01T06:39:46.462,,39:45.9,39:45.9,0,700,#N/A,#N/A,00:08:08,487.779,-1
pert-josh,M5@bmm,4568,433,7986,2,814,NULL,2423646,2423646,2423646,2423645,LIMIT,BUY,1,705,2019-03-01T06:39:46.457,2019-03-01T06:39:46.462,,39:46.5,39:46.5,1,700,705,5,00:08:08,488.29,1
pert-josh,M7@bmm,4570,433,7986,2,814,NULL,2423648,2423648,2423648,2423649,LIMIT,BUY,1,705,2019-03-01T06:39:48.959,2019-03-01T06:39:51.797,,39:49.0,39:49.0,0,700,#N/A,#N/A,00:08:11,490.792,1
pert-josh,M2@bmm,4565,433,7986,2,814,NULL,2423649,2423649,2423649,2423648,LIMIT,SELL,1,705,2019-03-01T06:39:51.790,2019-03-01T06:39:51.797,,39:51.8,39:51.8,1,700,705,5,00:08:14,493.623,-1
pert-josh,M5@bmm,4568,433,7986,2,814,NULL,2423650,2423650,2423650,2423651,LIMIT,BUY,1,705,2019-03-01T06:39:55.338,2019-03-01T06:39:57.372,,39:55.3,39:55.3,0,700,#N/A,#N/A,00:08:17,497.171,1
pert-josh,M6@bmm,4569,433,7986,2,814,NULL,2423651,2423651,2423651,2423650,LIMIT,SELL,1,705,2019-03-01T06:39:57.366,2019-03-01T06:39:57.372,,39:57.4,39:57.4,1,700,705,5,00:08:19,499.199,-1
pert-josh,M4@bmm,4567,433,7986,2,814,NULL,2423652,2423652,2423652,2423653,LIMIT,BUY,1,705,2019-03-01T06:39:57.406,2019-03-01T06:39:57.596,,39:57.4,39:57.4,0,700,#N/A,#N/A,00:08:19,499.239,1
pert-josh,M3@bmm,4566,433,7986,2,814,NULL,2423653,2423653,2423653,2423652,LIMIT,SELL,1,705,2019-03-01T06:39:57.591,2019-03-01T06:39:57.596,,39:57.6,39:57.6,1,700,705,5,00:08:19,499.424,-1
pert-josh,M6@bmm,4569,433,7986,2,814,NULL,2423654,2423654,2423654,2423657,LIMIT,SELL,1,705,2019-03-01T06:39:59.989,2019-03-01T06:40:03.047,,40:00.0,40:00.0,0,700,#N/A,#N/A,00:08:22,501.822,-1
pert-josh,M1@bmm,4564,433,7986,2,814,NULL,2423655,2423655,2423655,2423658,LIMIT,SELL,1,705,2019-03-01T06:40:00.851,2019-03-01T06:40:03.287,,40:00.9,40:00.9,0,700,#N/A,#N/A,00:08:23,502.684,-1
pert-josh,M6@bmm,4569,433,7986,2,814,NULL,2423656,2423656,2423656,2423659,LIMIT,SELL,1,705,2019-03-01T06:40:01.949,2019-03-01T06:40:03.528,,40:01.9,40:01.9,0,700,#N/A,#N/A,00:08:24,503.782,-1
pert-josh,M5@bmm,4568,433,7986,2,814,NULL,2423657,2423657,2423657,2423654,LIMIT,BUY,1,705,2019-03-01T06:40:03.042,2019-03-01T06:40:03.047,,40:03.0,40:03.0,1,700,705,5,00:08:25,504.875,1
pert-josh,M5@bmm,4568,433,7986,2,814,NULL,2423658,2423658,2423658,2423655,LIMIT,BUY,1,705,2019-03-01T06:40:03.281,2019-03-01T06:40:03.287,,40:03.3,40:03.3,1,700,705,5,00:08:25,505.114,1
pert-josh,M5@bmm,4568,433,7986,2,814,NULL,2423659,2423659,2423659,2423656,LIMIT,BUY,1,705,2019-03-01T06:40:03.523,2019-03-01T06:40:03.528,,40:03.5,40:03.5,1,700,705,5,00:08:25,505.356,1
pert-josh,M6@bmm,4569,433,7986,2,814,NULL,2423661,2423661,2423661,2423662,LIMIT,SELL,1,705,2019-03-01T06:40:05.197,2019-03-01T06:40:06.571,,40:05.2,40:05.2,0,700,#N/A,#N/A,00:08:27,507.03,-1
pert-josh,M7@bmm,4570,433,7986,2,814,NULL,2423662,2423662,2423662,2423661,LIMIT,BUY,1,705,2019-03-01T06:40:06.566,2019-03-01T06:40:06.571,,40:06.6,40:06.6,1,700,705,5,00:08:28,508.399,1
pert-josh,M3@bmm,4566,433,7986,2,814,NULL,2423663,2423663,2423663,2423665,LIMIT,BUY,1,705,2019-03-01T06:40:06.598,2019-03-01T06:40:07.324,,40:06.6,40:06.6,0,700,#N/A,#N/A,00:08:28,508.431,1
pert-josh,M8@bmm,4571,433,7986,2,814,NULL,2423664,2423664,2423664,2423666,LIMIT,BUY,1,705,2019-03-01T06:40:07.310,2019-03-01T06:40:08.508,,40:07.3,40:07.3,0,700,#N/A,#N/A,00:08:29,509.143,1
pert-josh,M6@bmm,4569,433,7986,2,814,NULL,2423665,2423665,2423665,2423663,LIMIT,SELL,1,705,2019-03-01T06:40:07.316,2019-03-01T06:40:07.324,,40:07.3,40:07.3,1,700,705,5,00:08:29,509.149,-1
pert-josh,M6@bmm,4569,433,7986,2,814,NULL,2423666,2423666,2423666,2423664,LIMIT,SELL,1,705,2019-03-01T06:40:08.501,2019-03-01T06:40:08.508,,40:08.5,40:08.5,1,700,705,5,00:08:30,510.334,-1
pert-josh,M6@bmm,4569,433,7986,2,814,NULL,2423667,2423667,2423667,2423668,LIMIT,SELL,1,705,2019-03-01T06:40:09.789,2019-03-01T06:40:13.933,,40:09.8,40:09.8,0,700,#N/A,#N/A,00:08:32,511.622,-1
pert-josh,M8@bmm,4571,433,7986,2,814,NULL,2423668,2423668,2423668,2423667,LIMIT,BUY,1,705,2019-03-01T06:40:13.927,2019-03-01T06:40:13.933,,40:13.9,40:13.9,1,700,705,5,00:08:36,515.76,1
pert-josh,M6@bmm,4569,433,7986,2,814,NULL,2423670,2423670,2423670,2423684,LIMIT,SELL,1,705,2019-03-01T06:40:14.732,2019-03-01T06:40:53.358,,40:14.7,40:14.7,0,700,#N/A,#N/A,00:08:37,516.565,-1
pert-josh,M6@bmm,4569,433,7986,2,814,NULL,2423671,2423671,2423671,2423697,LIMIT,SELL,1,705,2019-03-01T06:40:16.188,2019-03-01T06:41:17.018,,40:16.2,40:16.2,0,700,#N/A,#N/A,00:08:38,518.021,-1
pert-josh,M6@bmm,4569,433,7986,2,814,NULL,2423672,2423672,2423672,2423721,LIMIT,SELL,1,705,2019-03-01T06:40:18.525,2019-03-01T06:41:33.193,,40:18.5,40:18.5,0,700,#N/A,#N/A,00:08:40,520.358,-1
pert-josh,M6@bmm,4569,433,7986,2,814,NULL,2423674,2423674,2423674,NULL,LIMIT,BUY,1,700,2019-03-01T06:40:28.765,2019-03-01T06:40:28.768,,40:28.8,40:28.8,0,700,#N/A,#N/A,00:08:51,530.598,1
pert-josh,M4@bmm,4567,433,7986,2,814,NULL,2423675,2423675,2423675,2423722,LIMIT,SELL,1,705,2019-03-01T06:40:30.007,2019-03-01T06:41:37.144,,40:30.0,40:30.0,0,700,#N/A,#N/A,00:08:52,531.84,-1
pert-josh,M6@bmm,4569,433,7986,2,814,NULL,2423676,2423676,2423676,NULL,LIMIT,BUY,1,700,2019-03-01T06:40:31.500,2019-03-01T06:40:31.503,,40:31.5,40:31.5,0,700,#N/A,#N/A,00:08:53,533.333,1
pert-josh,M6@bmm,4569,433,7986,2,814,NULL,2423678,2423678,2423678,NULL,LIMIT,BUY,1,700,2019-03-01T06:40:38.246,2019-03-01T06:40:38.249,,40:38.2,40:38.2,0,700,#N/A,#N/A,00:09:00,540.079,1
pert-josh,M6@bmm,4569,433,7986,2,814,NULL,2423679,2423679,2423679,NULL,LIMIT,BUY,1,700,2019-03-01T06:40:38.489,2019-03-01T06:40:38.492,,40:38.5,40:38.5,0,700,#N/A,#N/A,00:09:00,540.322,1
pert-josh,M7@bmm,4570,433,7986,2,814,NULL,2423682,2423682,2423682,2423726,LIMIT,SELL,1,705,2019-03-01T06:40:51.413,2019-03-01T06:41:44.185,,40:51.4,40:51.4,0,700,#N/A,#N/A,00:09:13,553.246,-1
pert-josh,M6@bmm,4569,433,7986,2,814,NULL,2423683,2423683,2423683,2423602,LIMIT,SELL,1,700,2019-03-01T06:40:52.604,2019-03-01T06:40:52.611,,40:52.6,40:52.6,1,700,700,0,00:09:14,554.437,-1
pert-josh,M5@bmm,4568,433,7986,2,814,NULL,2423684,2423684,2423684,2423670,LIMIT,BUY,1,705,2019-03-01T06:40:53.352,2019-03-01T06:40:53.358,,40:53.4,40:53.4,1,700,705,5,00:09:15,555.185,1
pert-josh,M6@bmm,4569,433,7986,2,814,NULL,2423695,2423694,2423694,2423606,LIMIT,SELL,1,700,2019-03-01T06:41:16.119,2019-03-01T06:41:16.127,,41:16.1,41:16.1,1,700,700,0,00:09:38,577.952,-1
pert-josh,M6@bmm,4569,433,7986,2,814,NULL,2423696,2423694,2423694,2423607,LIMIT,SELL,1,700,2019-03-01T06:41:16.124,2019-03-01T06:41:16.128,,41:16.1,41:16.1,1,700,700,0,00:09:38,577.957,-1
pert-josh,M5@bmm,4568,433,7986,2,814,NULL,2423697,2423697,2423697,2423671,LIMIT,BUY,1,705,2019-03-01T06:41:17.013,2019-03-01T06:41:17.018,,41:17.0,41:17.0,1,700,705,5,00:09:39,578.846,1
pert-josh,M6@bmm,4569,433,7986,2,814,NULL,2423699,2423698,2423698,2423631,LIMIT,SELL,1,700,2019-03-01T06:41:17.122,2019-03-01T06:41:17.131,,41:17.1,41:17.1,1,700,700,0,00:09:39,578.955,-1
pert-josh,M6@bmm,4569,433,7986,2,814,NULL,2423700,2423698,2423698,2423632,LIMIT,SELL,1,700,2019-03-01T06:41:17.127,2019-03-01T06:41:17.131,,41:17.1,41:17.1,1,700,700,0,00:09:39,578.96,-1
pert-josh,M6@bmm,4569,433,7986,2,814,NULL,2423705,2423704,2423704,2423633,LIMIT,SELL,1,700,2019-03-01T06:41:23.404,2019-03-01T06:41:23.412,,41:23.4,41:23.4,1,700,700,0,00:09:45,585.237,-1
pert-josh,M6@bmm,4569,433,7986,2,814,NULL,2423706,2423704,2423704,2423634,LIMIT,SELL,1,700,2019-03-01T06:41:23.409,2019-03-01T06:41:23.412,,41:23.4,41:23.4,1,700,700,0,00:09:45,585.242,-1
pert-josh,M6@bmm,4569,433,7986,2,814,NULL,2423709,2423708,2423708,2423638,LIMIT,SELL,1,700,2019-03-01T06:41:27.062,2019-03-01T06:41:27.074,,41:27.1,41:27.1,1,700,700,0,00:09:49,588.895,-1
pert-josh,M6@bmm,4569,433,7986,2,814,NULL,2423710,2423708,2423708,2423711,LIMIT,SELL,1,700,2019-03-01T06:41:27.066,2019-03-01T06:41:27.075,,41:27.1,41:27.1,0,700,#N/A,#N/A,00:09:49,588.899,-1
pert-josh,M2@bmm,4565,433,7986,2,814,NULL,2423711,2423660,2423660,2423710,LIMIT,BUY,1,700,2019-03-01T06:41:27.068,2019-03-01T06:41:27.075,,41:27.1,41:27.1,1,700,700,0,00:09:49,588.901,1
pert-josh,M6@bmm,4569,433,7986,2,814,NULL,2423714,2423714,2423714,2423715,LIMIT,SELL,2,700,2019-03-01T06:41:28.012,2019-03-01T06:41:28.023,,41:28.0,41:28.0,0,700,#N/A,#N/A,00:09:50,589.845,-1
pert-josh,M2@bmm,4565,433,7986,2,814,NULL,2423715,2423660,2423712,2423714,LIMIT,BUY,2,700,2019-03-01T06:41:28.017,2019-03-01T06:41:28.023,,41:28.0,41:28.0,1,700,700,0,00:09:50,589.85,1
pert-josh,M7@bmm,4570,433,7986,2,814,NULL,2423718,2423718,2423718,NULL,LIMIT,BUY,1,700,2019-03-01T06:41:30.153,2019-03-01T06:41:30.156,,41:30.2,41:30.2,0,700,#N/A,#N/A,00:09:52,591.986,1
pert-josh,M5@bmm,4568,433,7986,2,814,NULL,2423721,2423721,2423721,2423672,LIMIT,BUY,1,705,2019-03-01T06:41:33.188,2019-03-01T06:41:33.193,,41:33.2,41:33.2,1,700,705,5,00:09:55,595.021,1
pert-josh,M5@bmm,4568,433,7986,2,814,NULL,2423722,2423722,2423722,2423675,LIMIT,BUY,1,705,2019-03-01T06:41:37.139,2019-03-01T06:41:37.144,,41:37.1,41:37.1,1,700,705,5,00:09:59,598.972,1
pert-josh,M4@bmm,4567,433,7986,2,814,NULL,2423723,2423723,2423723,NULL,LIMIT,SELL,1,705,2019-03-01T06:41:37.451,2019-03-01T06:41:37.453,,41:37.5,41:37.5,0,700,#N/A,#N/A,00:09:59,599.284,-1
pert-josh,M4@bmm,4567,433,7986,2,814,NULL,2423724,2423724,2423724,NULL,LIMIT,SELL,1,705,2019-03-01T06:41:39.201,2019-03-01T06:41:39.203,,41:39.2,41:39.2,0,700,#N/A,#N/A,00:10:01,601.034,-1
pert-josh,M5@bmm,4568,433,7986,2,814,NULL,2423726,2423726,2423726,2423682,LIMIT,BUY,1,705,2019-03-01T06:41:44.180,2019-03-01T06:41:44.185,,41:44.2,41:44.2,1,700,705,5,00:10:06,606.013,1
pert-josh,M7@bmm,4570,433,7986,2,814,NULL,2423727,2423727,2423727,NULL,LIMIT,SELL,1,705,2019-03-01T06:41:45.386,2019-03-01T06:41:45.388,,41:45.4,41:45.4,0,700,#N/A,#N/A,00:10:07,607.219,-1
pert-josh,M4@bmm,4567,433,7986,2,814,NULL,2423728,2423728,2423728,NULL,LIMIT,BUY,1,700,2019-03-01T06:41:48.345,2019-03-01T06:41:48.348,,41:48.3,41:48.3,0,700,#N/A,#N/A,00:10:10,610.178,1
pert-josh,M8@bmm,4571,433,7986,2,814,NULL,2423732,2423732,2423732,NULL,LIMIT,SELL,1,705,2019-03-01T06:41:54.506,2019-03-01T06:41:54.509,,41:54.5,41:54.5,0,700,#N/A,#N/A,00:10:16,616.339,-1
pert-josh,M7@bmm,4570,433,7986,2,814,NULL,2423735,2423735,2423735,NULL,LIMIT,SELL,1,705,2019-03-01T06:41:57.472,2019-03-01T06:41:57.474,,41:57.5,41:57.5,0,700,#N/A,#N/A,00:10:19,619.305,-1
pert-josh,M4@bmm,4567,433,7987,3,814,NULL,2423740,2423740,2423740,2423742,LIMIT,SELL,1,580,2019-03-01T06:42:43.202,2019-03-01T06:42:45.111,,42:43.2,42:43.2,0,650,#N/A,#N/A,00:11:05,665.035,-1
pert-josh,M6@bmm,4569,433,7987,3,814,NULL,2423742,2423741,2423741,2423740,LIMIT,BUY,1,580,2019-03-01T06:42:45.107,2019-03-01T06:42:45.111,,42:45.1,42:45.1,1,650,580,-70,00:11:07,666.94,1
pert-josh,M2@bmm,4565,433,7987,3,814,NULL,2423743,2423743,2423743,2423745,LIMIT,SELL,1,515,2019-03-01T06:42:51.610,2019-03-01T06:42:53.522,,42:51.6,42:51.6,0,650,#N/A,#N/A,00:11:13,673.443,-1
pert-josh,M1@bmm,4564,433,7987,3,814,NULL,2423745,2423744,2423744,2423743,LIMIT,BUY,1,515,2019-03-01T06:42:53.519,2019-03-01T06:42:53.522,,42:53.5,42:53.5,1,650,515,-135,00:11:15,675.352,1
pert-josh,M4@bmm,4567,433,7987,3,814,NULL,2423747,2423747,2423747,2423750,LIMIT,SELL,1,655,2019-03-01T06:42:54.649,2019-03-01T06:42:59.481,,42:54.6,42:54.6,0,650,#N/A,#N/A,00:11:16,676.482,-1
pert-josh,M8@bmm,4571,433,7987,3,814,NULL,2423750,2423749,2423749,2423747,LIMIT,BUY,1,655,2019-03-01T06:42:59.478,2019-03-01T06:42:59.481,,42:59.5,42:59.5,1,650,655,5,00:11:21,681.311,1
pert-josh,M2@bmm,4565,433,7987,3,814,NULL,2423756,2423756,2423756,2423758,LIMIT,SELL,1,650,2019-03-01T06:43:05.328,2019-03-01T06:43:09.565,,43:05.3,43:05.3,0,650,#N/A,#N/A,00:11:27,687.161,-1
pert-josh,M6@bmm,4569,433,7987,3,814,NULL,2423758,2423758,2423758,2423756,LIMIT,BUY,1,650,2019-03-01T06:43:09.557,2019-03-01T06:43:09.564,,43:09.6,43:09.6,1,650,650,0,00:11:31,691.39,1
pert-josh,M3@bmm,4566,433,7987,3,814,NULL,2423762,2423762,2423762,2423775,LIMIT,SELL,1,655,2019-03-01T06:43:14.306,2019-03-01T06:43:30.580,,43:14.3,43:14.3,0,650,#N/A,#N/A,00:11:36,696.139,-1
pert-josh,M7@bmm,4570,433,7987,3,814,NULL,2423765,2423765,2423765,2423783,LIMIT,SELL,1,655,2019-03-01T06:43:15.943,2019-03-01T06:43:37.284,,43:15.9,43:15.9,0,650,#N/A,#N/A,00:11:38,697.776,-1
pert-josh,M2@bmm,4565,433,7987,3,814,NULL,2423766,2423766,2423766,2423768,LIMIT,BUY,1,650,2019-03-01T06:43:17.937,2019-03-01T06:43:18.573,,43:17.9,43:17.9,0,650,#N/A,#N/A,00:11:40,699.77,1
pert-josh,M4@bmm,4567,433,7987,3,814,NULL,2423767,2423767,2423767,2423784,LIMIT,SELL,1,655,2019-03-01T06:43:18.313,2019-03-01T06:43:37.284,,43:18.3,43:18.3,0,650,#N/A,#N/A,00:11:40,700.146,-1
pert-josh,M7@bmm,4570,433,7987,3,814,NULL,2423768,2423768,2423768,2423766,LIMIT,SELL,1,650,2019-03-01T06:43:18.567,2019-03-01T06:43:18.573,,43:18.6,43:18.6,1,650,650,0,00:11:40,700.4,-1
pert-josh,M2@bmm,4565,433,7987,3,814,NULL,2423769,2423769,2423769,2423785,LIMIT,SELL,1,655,2019-03-01T06:43:22.506,2019-03-01T06:43:37.285,,43:22.5,43:22.5,0,650,#N/A,#N/A,00:11:44,704.339,-1
pert-josh,M3@bmm,4566,433,7987,3,814,NULL,2423770,2423770,2423770,2423771,LIMIT,SELL,1,650,2019-03-01T06:43:22.856,2019-03-01T06:43:24.757,,43:22.9,43:22.9,0,650,#N/A,#N/A,00:11:45,704.689,-1
pert-josh,M6@bmm,4569,433,7987,3,814,NULL,2423771,2423771,2423771,2423770,LIMIT,BUY,1,650,2019-03-01T06:43:24.751,2019-03-01T06:43:24.757,,43:24.8,43:24.8,1,650,650,0,00:11:47,706.584,1
pert-josh,M5@bmm,4568,433,7987,3,814,NULL,2423775,2423775,2423775,2423762,LIMIT,BUY,1,655,2019-03-01T06:43:30.574,2019-03-01T06:43:30.580,,43:30.6,43:30.6,1,650,655,5,00:11:52,712.407,1
pert-josh,M3@bmm,4566,433,7987,3,814,NULL,2423776,2423776,2423776,2423777,LIMIT,SELL,1,650,2019-03-01T06:43:30.601,2019-03-01T06:43:30.612,,43:30.6,43:30.6,0,650,#N/A,#N/A,00:11:52,712.434,-1
pert-josh,M1@bmm,4564,433,7987,3,814,NULL,2423777,2423772,2423772,2423776,LIMIT,BUY,1,650,2019-03-01T06:43:30.607,2019-03-01T06:43:30.613,,43:30.6,43:30.6,1,650,650,0,00:11:52,712.44,1
pert-josh,M1@bmm,4564,433,7987,3,814,NULL,2423778,2423772,2423772,2423780,LIMIT,BUY,1,650,2019-03-01T06:43:24.900,2019-03-01T06:43:34.608,,43:24.9,43:24.9,0,650,#N/A,#N/A,00:11:47,706.733,1
pert-josh,M3@bmm,4566,433,7987,3,814,NULL,2423780,2423780,2423780,2423778,LIMIT,SELL,1,650,2019-03-01T06:43:34.602,2019-03-01T06:43:34.607,,43:34.6,43:34.6,1,650,650,0,00:11:56,716.435,-1
pert-josh,M2@bmm,4565,433,7987,3,814,NULL,2423781,2423781,2423781,NULL,LIMIT,BUY,4,650,2019-03-01T06:43:35.476,2019-03-01T06:43:35.478,,43:35.5,43:35.5,0,650,#N/A,#N/A,00:11:57,717.309,1
pert-josh,M5@bmm,4568,433,7987,3,814,NULL,2423783,2423782,2423782,2423765,LIMIT,BUY,1,655,2019-03-01T06:43:37.272,2019-03-01T06:43:37.284,,43:37.3,43:37.3,1,650,655,5,00:11:59,719.105,1
pert-josh,M5@bmm,4568,433,7987,3,814,NULL,2423784,2423782,2423782,2423767,LIMIT,BUY,1,655,2019-03-01T06:43:37.277,2019-03-01T06:43:37.284,,43:37.3,43:37.3,1,650,655,5,00:11:59,719.11,1
pert-josh,M5@bmm,4568,433,7987,3,814,NULL,2423785,2423782,2423782,2423769,LIMIT,BUY,1,655,2019-03-01T06:43:37.280,2019-03-01T06:43:37.285,,43:37.3,43:37.3,1,650,655,5,00:11:59,719.113,1
pert-josh,M2@bmm,4565,433,7987,3,814,NULL,2423793,2423793,2423793,2423802,LIMIT,SELL,4,655,2019-03-01T06:43:44.744,2019-03-01T06:43:55.204,,43:44.7,43:44.7,0,650,#N/A,#N/A,00:12:07,726.577,-1
pert-josh,M3@bmm,4566,433,7987,3,814,NULL,2423796,2423796,2423796,2423803,LIMIT,SELL,1,655,2019-03-01T06:43:48.274,2019-03-01T06:43:55.205,,43:48.3,43:48.3,0,650,#N/A,#N/A,00:12:10,730.107,-1
pert-josh,M7@bmm,4570,433,7987,3,814,NULL,2423797,2423797,2423797,2423804,LIMIT,SELL,1,655,2019-03-01T06:43:49.062,2019-03-01T06:43:55.205,,43:49.1,43:49.1,0,650,#N/A,#N/A,00:12:11,730.895,-1
pert-josh,M1@bmm,4564,433,7987,3,814,NULL,2423802,2423801,2423801,2423793,LIMIT,BUY,4,655,2019-03-01T06:43:55.194,2019-03-01T06:43:55.204,,43:55.2,43:55.2,1,650,655,5,00:12:17,737.027,1
pert-josh,M1@bmm,4564,433,7987,3,814,NULL,2423803,2423801,2423801,2423796,LIMIT,BUY,1,655,2019-03-01T06:43:55.197,2019-03-01T06:43:55.205,,43:55.2,43:55.2,1,650,655,5,00:12:17,737.03,1
pert-josh,M1@bmm,4564,433,7987,3,814,NULL,2423804,2423801,2423801,2423797,LIMIT,BUY,1,655,2019-03-01T06:43:55.201,2019-03-01T06:43:55.205,,43:55.2,43:55.2,1,650,655,5,00:12:17,737.034,1
pert-josh,M4@bmm,4567,433,7987,3,814,NULL,2423806,2423806,2423806,2423807,LIMIT,BUY,1,655,2019-03-01T06:44:12.764,2019-03-01T06:44:20.012,,44:12.8,44:12.8,0,650,#N/A,#N/A,00:12:35,754.597,1
pert-josh,M3@bmm,4566,433,7987,3,814,NULL,2423807,2423807,2423807,2423806,LIMIT,SELL,1,655,2019-03-01T06:44:20.005,2019-03-01T06:44:20.011,,44:20.0,44:20.0,1,650,655,5,00:12:42,761.838,-1
pert-josh,M1@bmm,4564,433,7987,3,814,NULL,2423808,2423808,2423808,NULL,LIMIT,SELL,1,660,2019-03-01T06:44:23.079,2019-03-01T06:44:23.082,,44:23.1,44:23.1,0,650,#N/A,#N/A,00:12:45,764.912,-1
pert-josh,M3@bmm,4566,433,7987,3,814,NULL,2423812,2423812,2423812,2423813,LIMIT,SELL,1,655,2019-03-01T06:44:29.419,2019-03-01T06:44:35.472,,44:29.4,44:29.4,0,650,#N/A,#N/A,00:12:51,771.252,-1
pert-josh,M7@bmm,4570,433,7987,3,814,NULL,2423813,2423813,2423813,2423812,LIMIT,BUY,1,655,2019-03-01T06:44:35.463,2019-03-01T06:44:35.472,,44:35.5,44:35.5,1,650,655,5,00:12:57,777.296,1
pert-josh,M3@bmm,4566,433,7987,3,814,NULL,2423824,2423824,2423824,2423825,LIMIT,SELL,1,655,2019-03-01T06:45:03.002,2019-03-01T06:45:03.015,,45:03.0,45:03.0,0,650,#N/A,#N/A,00:13:25,804.835,-1
pert-josh,M2@bmm,4565,433,7987,3,814,NULL,2423825,2423823,2423823,2423824,LIMIT,BUY,1,655,2019-03-01T06:45:03.009,2019-03-01T06:45:03.016,,45:03.0,45:03.0,1,650,655,5,00:13:25,804.842,1
pert-josh,M2@bmm,4565,433,7987,3,814,NULL,2423826,2423823,2423823,2423829,LIMIT,BUY,1,655,2019-03-01T06:45:02.601,2019-03-01T06:45:07.816,,45:02.6,45:02.6,0,650,#N/A,#N/A,00:13:24,804.434,1
pert-josh,M4@bmm,4567,433,7987,3,814,NULL,2423829,2423829,2423829,2423826,LIMIT,SELL,1,655,2019-03-01T06:45:07.810,2019-03-01T06:45:07.816,,45:07.8,45:07.8,1,650,655,5,00:13:30,809.643,-1
pert-josh,M7@bmm,4570,433,7987,3,814,NULL,2423839,2423839,2423839,2423840,LIMIT,BUY,1,655,2019-03-01T06:45:27.640,2019-03-01T06:45:27.651,,45:27.6,45:27.6,0,650,#N/A,#N/A,00:13:49,829.473,1
pert-josh,M2@bmm,4565,433,7987,3,814,NULL,2423840,2423833,2423833,2423839,LIMIT,SELL,1,655,2019-03-01T06:45:27.646,2019-03-01T06:45:27.652,,45:27.6,45:27.6,1,650,655,5,00:13:49,829.479,-1
pert-josh,M2@bmm,4565,433,7987,3,814,NULL,2423841,2423833,2423833,2423848,LIMIT,SELL,1,655,2019-03-01T06:45:19.775,2019-03-01T06:45:41.777,,45:19.8,45:19.8,0,650,#N/A,#N/A,00:13:42,821.608,-1
pert-josh,M4@bmm,4567,433,7987,3,814,NULL,2423848,2423848,2423848,2423841,LIMIT,BUY,1,655,2019-03-01T06:45:41.771,2019-03-01T06:45:41.776,,45:41.8,45:41.8,1,650,655,5,00:14:04,843.604,1
pert-josh,M3@bmm,4566,433,7987,3,814,NULL,2423875,2423875,2423875,2423879,LIMIT,SELL,1,655,2019-03-01T06:46:12.444,2019-03-01T06:46:27.247,,46:12.4,46:12.4,0,650,#N/A,#N/A,00:14:34,874.277,-1
pert-josh,M5@bmm,4568,433,7987,3,814,NULL,2423879,2423878,2423878,2423875,LIMIT,BUY,1,655,2019-03-01T06:46:27.234,2019-03-01T06:46:27.247,,46:27.2,46:27.2,1,650,655,5,00:14:49,889.067,1
pert-josh,M5@bmm,4568,433,7987,3,814,NULL,2423880,2423878,2423878,2423881,LIMIT,BUY,1,655,2019-03-01T06:46:27.238,2019-03-01T06:46:27.247,,46:27.2,46:27.2,0,650,#N/A,#N/A,00:14:49,889.071,1
pert-josh,M2@bmm,4565,433,7987,3,814,NULL,2423881,2423877,2423877,2423880,LIMIT,SELL,1,655,2019-03-01T06:46:27.240,2019-03-01T06:46:27.247,,46:27.2,46:27.2,1,650,655,5,00:14:49,889.073,-1
pert-josh,M7@bmm,4570,433,7987,3,814,NULL,2423884,2423884,2423884,NULL,LIMIT,BUY,1,650,2019-03-01T06:46:34.306,2019-03-01T06:46:34.308,,46:34.3,46:34.3,0,650,#N/A,#N/A,00:14:56,896.139,1
pert-josh,M4@bmm,4567,433,7988,4,814,NULL,2423887,2423887,2423887,2423891,LIMIT,BUY,1,585,2019-03-01T06:47:16.211,2019-03-01T06:47:20.031,,47:16.2,47:16.2,0,600,#N/A,#N/A,00:15:38,938.044,1
pert-josh,M4@bmm,4567,433,7988,4,814,NULL,2423888,2423888,2423888,2423892,LIMIT,BUY,1,585,2019-03-01T06:47:16.447,2019-03-01T06:47:20.031,,47:16.4,47:16.4,0,600,#N/A,#N/A,00:15:38,938.28,1
pert-josh,M6@bmm,4569,433,7988,4,814,NULL,2423891,2423890,2423890,2423887,LIMIT,SELL,1,585,2019-03-01T06:47:20.020,2019-03-01T06:47:20.031,,47:20.0,47:20.0,1,600,585,-15,00:15:42,941.853,-1
pert-josh,M6@bmm,4569,433,7988,4,814,NULL,2423892,2423890,2423890,2423888,LIMIT,SELL,1,585,2019-03-01T06:47:20.026,2019-03-01T06:47:20.031,,47:20.0,47:20.0,1,600,585,-15,00:15:42,941.859,-1
pert-josh,M6@bmm,4569,433,7988,4,814,NULL,2423899,2423899,2423899,NULL,LIMIT,BUY,2,595,2019-03-01T06:47:30.059,2019-03-01T06:47:30.062,,47:30.1,47:30.1,0,600,#N/A,#N/A,00:15:52,951.892,1
pert-josh,M6@bmm,4569,433,7988,4,814,NULL,2423903,2423903,2423903,2423912,LIMIT,BUY,2,600,2019-03-01T06:47:37.961,2019-03-01T06:47:48.073,,47:38.0,47:38.0,0,600,#N/A,#N/A,00:16:00,959.794,1
pert-josh,M6@bmm,4569,433,7988,4,814,NULL,2423905,2423905,2423905,NULL,LIMIT,BUY,2,590,2019-03-01T06:47:41.019,2019-03-01T06:47:41.021,,47:41.0,47:41.0,0,600,#N/A,#N/A,00:16:03,962.852,1
pert-josh,M6@bmm,4569,433,7988,4,814,NULL,2423909,2423909,2423909,NULL,LIMIT,BUY,2,585,2019-03-01T06:47:45.514,2019-03-01T06:47:45.517,,47:45.5,47:45.5,0,600,#N/A,#N/A,00:16:07,967.347,1
pert-josh,M6@bmm,4569,433,7988,4,814,NULL,2423910,2423910,2423910,NULL,LIMIT,BUY,2,580,2019-03-01T06:47:46.850,2019-03-01T06:47:46.852,,47:46.8,47:46.8,0,600,#N/A,#N/A,00:16:09,968.683,1
pert-josh,M2@bmm,4565,433,7988,4,814,NULL,2423912,2423912,2423912,2423903,LIMIT,SELL,2,600,2019-03-01T06:47:48.067,2019-03-01T06:47:48.072,,47:48.1,47:48.1,1,600,600,0,00:16:10,969.9,-1
pert-josh,M6@bmm,4569,433,7988,4,814,NULL,2423915,2423915,2423915,NULL,LIMIT,BUY,2,575,2019-03-01T06:47:50.435,2019-03-01T06:47:50.437,,47:50.4,47:50.4,0,600,#N/A,#N/A,00:16:12,972.268,1
pert-josh,M7@bmm,4570,433,7988,4,814,NULL,2423918,2423918,2423918,2423928,LIMIT,SELL,1,610,2019-03-01T06:47:57.401,2019-03-01T06:48:07.541,,47:57.4,47:57.4,0,600,#N/A,#N/A,00:16:19,979.234,-1
pert-josh,M3@bmm,4566,433,7988,4,814,NULL,2423919,2423919,2423919,2423929,LIMIT,SELL,1,610,2019-03-01T06:47:58.485,2019-03-01T06:48:07.541,,47:58.5,47:58.5,0,600,#N/A,#N/A,00:16:20,980.318,-1
pert-josh,M4@bmm,4567,433,7988,4,814,NULL,2423921,2423921,2423921,NULL,LIMIT,BUY,1,595,2019-03-01T06:48:00.060,2019-03-01T06:48:00.063,,48:00.1,48:00.1,0,600,#N/A,#N/A,00:16:22,981.893,1
pert-josh,M7@bmm,4570,433,7988,4,814,NULL,2423926,2423926,2423926,NULL,LIMIT,SELL,1,610,2019-03-01T06:48:06.936,2019-03-01T06:48:06.939,,48:06.9,48:06.9,0,600,#N/A,#N/A,00:16:29,988.769,-1
pert-josh,M5@bmm,4568,433,7988,4,814,NULL,2423928,2423927,2423927,2423918,LIMIT,BUY,1,610,2019-03-01T06:48:07.534,2019-03-01T06:48:07.541,,48:07.5,48:07.5,1,600,610,10,00:16:29,989.367,1
pert-josh,M5@bmm,4568,433,7988,4,814,NULL,2423929,2423927,2423927,2423919,LIMIT,BUY,1,610,2019-03-01T06:48:07.538,2019-03-01T06:48:07.541,,48:07.5,48:07.5,1,600,610,10,00:16:29,989.371,1
pert-josh,M4@bmm,4567,433,7988,4,814,NULL,2423931,2423931,2423931,2423963,LIMIT,SELL,1,605,2019-03-01T06:48:10.686,2019-03-01T06:49:17.863,,48:10.7,48:10.7,0,600,#N/A,#N/A,00:16:33,992.519,-1
pert-josh,M3@bmm,4566,433,7988,4,814,NULL,2423932,2423932,2423932,2423933,LIMIT,SELL,1,600,2019-03-01T06:48:11.187,2019-03-01T06:48:11.198,,48:11.2,48:11.2,0,600,#N/A,#N/A,00:16:33,993.02,-1
pert-josh,M2@bmm,4565,433,7988,4,814,NULL,2423933,2423925,2423925,2423932,LIMIT,BUY,1,600,2019-03-01T06:48:11.192,2019-03-01T06:48:11.199,,48:11.2,48:11.2,1,600,600,0,00:16:33,993.025,1
pert-josh,M2@bmm,4565,433,7988,4,814,NULL,2423934,2423925,2423925,2423955,LIMIT,BUY,1,600,2019-03-01T06:48:05.691,2019-03-01T06:49:06.129,,48:05.7,48:05.7,0,600,#N/A,#N/A,00:16:28,987.524,1
pert-josh,M7@bmm,4570,433,7988,4,814,NULL,2423940,2423940,2423940,2423968,LIMIT,SELL,1,605,2019-03-01T06:48:16.033,2019-03-01T06:49:27.860,,48:16.0,48:16.0,0,600,#N/A,#N/A,00:16:38,997.866,-1
pert-josh,M7@bmm,4570,433,7988,4,814,NULL,2423942,2423942,2423942,2423977,LIMIT,SELL,1,605,2019-03-01T06:48:17.156,2019-03-01T06:49:45.627,,48:17.2,48:17.2,0,600,#N/A,#N/A,00:16:39,998.989,-1
pert-josh,M7@bmm,4570,433,7988,4,814,NULL,2423955,2423955,2423955,2423934,LIMIT,SELL,1,600,2019-03-01T06:49:06.123,2019-03-01T06:49:06.129,,49:06.1,49:06.1,1,600,600,0,00:17:28,1047.956,-1
pert-josh,M6@bmm,4569,433,7988,4,814,NULL,2423959,2423959,2423959,NULL,LIMIT,BUY,2,600,2019-03-01T06:49:16.423,2019-03-01T06:49:16.426,,49:16.4,49:16.4,0,600,#N/A,#N/A,00:17:38,1058.256,1
pert-josh,M6@bmm,4569,433,7988,4,814,NULL,2423960,2423960,2423960,NULL,LIMIT,BUY,2,600,2019-03-01T06:49:16.656,2019-03-01T06:49:16.658,,49:16.7,49:16.7,0,600,#N/A,#N/A,00:17:38,1058.489,1
pert-josh,M6@bmm,4569,433,7988,4,814,NULL,2423961,2423961,2423961,NULL,LIMIT,BUY,2,600,2019-03-01T06:49:16.764,2019-03-01T06:49:16.767,,49:16.8,49:16.8,0,600,#N/A,#N/A,00:17:39,1058.597,1
pert-josh,M3@bmm,4566,433,7988,4,814,NULL,2423963,2423963,2423963,2423931,LIMIT,BUY,1,605,2019-03-01T06:49:17.857,2019-03-01T06:49:17.862,,49:17.9,49:17.9,1,600,605,5,00:17:40,1059.69,1
pert-josh,M4@bmm,4567,433,7988,4,814,NULL,2423967,2423967,2423967,2423979,LIMIT,SELL,1,605,2019-03-01T06:49:27.704,2019-03-01T06:49:49.558,,49:27.7,49:27.7,0,600,#N/A,#N/A,00:17:50,1069.537,-1
pert-josh,M3@bmm,4566,433,7988,4,814,NULL,2423968,2423968,2423968,2423940,LIMIT,BUY,1,605,2019-03-01T06:49:27.851,2019-03-01T06:49:27.859,,49:27.9,49:27.9,1,600,605,5,00:17:50,1069.684,1
pert-josh,M6@bmm,4569,433,7988,4,814,NULL,2423974,2423974,2423974,NULL,LIMIT,SELL,1,615,2019-03-01T06:49:39.815,2019-03-01T06:49:39.817,,49:39.8,49:39.8,0,600,#N/A,#N/A,00:18:02,1081.648,-1
pert-josh,M6@bmm,4569,433,7988,4,814,NULL,2423975,2423975,2423975,NULL,LIMIT,SELL,1,620,2019-03-01T06:49:41.391,2019-03-01T06:49:41.394,,49:41.4,49:41.4,0,600,#N/A,#N/A,00:18:03,1083.224,-1
pert-josh,M7@bmm,4570,433,7988,4,814,NULL,2423976,2423976,2423976,2423980,LIMIT,SELL,1,605,2019-03-01T06:49:43.914,2019-03-01T06:49:49.558,,49:43.9,49:43.9,0,600,#N/A,#N/A,00:18:06,1085.747,-1
pert-josh,M8@bmm,4571,433,7988,4,814,NULL,2423977,2423977,2423977,2423942,LIMIT,BUY,1,605,2019-03-01T06:49:45.621,2019-03-01T06:49:45.627,,49:45.6,49:45.6,1,600,605,5,00:18:07,1087.454,1
pert-josh,M2@bmm,4565,433,7988,4,814,NULL,2423979,2423978,2423978,2423967,LIMIT,BUY,1,605,2019-03-01T06:49:49.551,2019-03-01T06:49:49.558,,49:49.6,49:49.6,1,600,605,5,00:18:11,1091.384,1
pert-josh,M2@bmm,4565,433,7988,4,814,NULL,2423980,2423978,2423978,2423976,LIMIT,BUY,1,605,2019-03-01T06:49:49.555,2019-03-01T06:49:49.558,,49:49.6,49:49.6,1,600,605,5,00:18:11,1091.388,1
pert-josh,M7@bmm,4570,433,7988,4,814,NULL,2423981,2423981,2423981,NULL,LIMIT,BUY,1,600,2019-03-01T06:49:51.154,2019-03-01T06:49:51.157,,49:51.2,49:51.2,0,600,#N/A,#N/A,00:18:13,1092.987,1
pert-josh,M2@bmm,4565,433,7988,4,814,NULL,2423983,2423983,2423983,NULL,LIMIT,SELL,2,605,2019-03-01T06:50:01.567,2019-03-01T06:50:01.571,,50:01.6,50:01.6,0,600,#N/A,#N/A,00:18:23,1103.4,-1
pert-josh,M3@bmm,4566,433,7988,4,814,NULL,2423984,2423984,2423984,NULL,LIMIT,SELL,1,605,2019-03-01T06:50:02.684,2019-03-01T06:50:02.687,,50:02.7,50:02.7,0,600,#N/A,#N/A,00:18:25,1104.517,-1
pert-josh,M6@bmm,4569,433,7988,4,814,NULL,2423985,2423985,2423985,NULL,LIMIT,SELL,1,625,2019-03-01T06:50:08.555,2019-03-01T06:50:08.558,,50:08.6,50:08.6,0,600,#N/A,#N/A,00:18:30,1110.388,-1
pert-josh,M7@bmm,4570,433,7988,4,814,NULL,2423986,2423986,2423986,NULL,LIMIT,SELL,1,605,2019-03-01T06:50:11.588,2019-03-01T06:50:11.590,,50:11.6,50:11.6,0,600,#N/A,#N/A,00:18:33,1113.421,-1
pert-josh,M4@bmm,4567,433,7988,4,814,NULL,2423987,2423987,2423987,NULL,LIMIT,SELL,1,605,2019-03-01T06:50:14.966,2019-03-01T06:50:14.968,,50:15.0,50:15.0,0,600,#N/A,#N/A,00:18:37,1116.799,-1
pert-josh,M7@bmm,4570,433,7988,4,814,NULL,2423990,2423990,2423990,2423991,LIMIT,SELL,1,600,2019-03-01T06:50:47.509,2019-03-01T06:50:47.519,,50:47.5,50:47.5,0,600,#N/A,#N/A,00:19:09,1149.342,-1
pert-josh,M6@bmm,4569,433,7988,4,814,NULL,2423991,2423958,2423958,2423990,LIMIT,BUY,1,600,2019-03-01T06:50:47.514,2019-03-01T06:50:47.520,,50:47.5,50:47.5,1,600,600,0,00:19:09,1149.347,1
pert-josh,M6@bmm,4569,433,7988,4,814,NULL,2423992,2423958,2423958,NULL,LIMIT,BUY,1,600,2019-03-01T06:49:16.188,2019-03-01T06:50:47.520,,49:16.2,49:16.2,0,600,#N/A,#N/A,00:17:38,1058.021,1
pert-josh,M6@bmm,4569,433,7989,5,814,NULL,2423998,2423998,2423998,NULL,LIMIT,BUY,1,540,2019-03-01T06:51:52.353,2019-03-01T06:51:52.356,,51:52.4,51:52.4,0,550,#N/A,#N/A,00:20:14,1214.186,1
pert-josh,M6@bmm,4569,433,7989,5,814,NULL,2424000,2424000,2424000,NULL,LIMIT,BUY,1,540,2019-03-01T06:51:55.040,2019-03-01T06:51:55.043,,51:55.0,51:55.0,0,550,#N/A,#N/A,00:20:17,1216.873,1
pert-josh,M6@bmm,4569,433,7989,5,814,NULL,2424001,2424001,2424001,NULL,LIMIT,BUY,1,540,2019-03-01T06:51:55.568,2019-03-01T06:51:55.570,,51:55.6,51:55.6,0,550,#N/A,#N/A,00:20:17,1217.401,1
pert-josh,M6@bmm,4569,433,7989,5,814,NULL,2424002,2424002,2424002,NULL,LIMIT,BUY,1,545,2019-03-01T06:51:59.305,2019-03-01T06:51:59.307,,51:59.3,51:59.3,0,550,#N/A,#N/A,00:20:21,1221.138,1
pert-josh,M6@bmm,4569,433,7989,5,814,NULL,2424005,2424005,2424005,NULL,LIMIT,BUY,1,545,2019-03-01T06:52:00.504,2019-03-01T06:52:00.506,,52:00.5,52:00.5,0,550,#N/A,#N/A,00:20:22,1222.337,1
pert-josh,M6@bmm,4569,433,7989,5,814,NULL,2424008,2424008,2424008,NULL,LIMIT,BUY,1,545,2019-03-01T06:52:02.386,2019-03-01T06:52:02.388,,52:02.4,52:02.4,0,550,#N/A,#N/A,00:20:24,1224.219,1
pert-josh,M4@bmm,4567,433,7989,5,814,NULL,2424010,2424010,2424010,2424054,LIMIT,SELL,1,555,2019-03-01T06:52:02.872,2019-03-01T06:53:05.228,,52:02.9,52:02.9,0,550,#N/A,#N/A,00:20:25,1224.705,-1
pert-josh,M7@bmm,4570,433,7989,5,814,NULL,2424013,2424013,2424013,2424022,LIMIT,SELL,1,550,2019-03-01T06:52:12.583,2019-03-01T06:52:22.851,,52:12.6,52:12.6,0,550,#N/A,#N/A,00:20:34,1234.416,-1
pert-josh,M2@bmm,4565,433,7989,5,814,NULL,2424016,2424016,2424016,NULL,LIMIT,BUY,3,545,2019-03-01T06:52:16.229,2019-03-01T06:52:16.231,,52:16.2,52:16.2,0,550,#N/A,#N/A,00:20:38,1238.062,1
pert-josh,M4@bmm,4567,433,7989,5,814,NULL,2424020,2424020,2424020,NULL,LIMIT,BUY,1,545,2019-03-01T06:52:18.609,2019-03-01T06:52:18.613,,52:18.6,52:18.6,0,550,#N/A,#N/A,00:20:40,1240.442,1
pert-josh,M3@bmm,4566,433,7989,5,814,NULL,2424022,2424022,2424022,2424013,LIMIT,BUY,1,550,2019-03-01T06:52:22.845,2019-03-01T06:52:22.851,,52:22.8,52:22.8,1,550,550,0,00:20:45,1244.678,1
pert-josh,M7@bmm,4570,433,7989,5,814,NULL,2424023,2424023,2424023,NULL,LIMIT,BUY,1,545,2019-03-01T06:52:23.733,2019-03-01T06:52:23.736,,52:23.7,52:23.7,0,550,#N/A,#N/A,00:20:46,1245.566,1
pert-josh,M3@bmm,4566,433,7989,5,814,NULL,2424024,2424024,2424024,NULL,LIMIT,SELL,1,555,2019-03-01T06:52:28.945,2019-03-01T06:52:28.947,,52:28.9,52:28.9,0,550,#N/A,#N/A,00:20:51,1250.778,-1
pert-josh,M6@bmm,4569,433,7989,5,814,NULL,2424028,2424028,2424028,2424031,LIMIT,SELL,1,550,2019-03-01T06:52:36.713,2019-03-01T06:52:40.675,,52:36.7,52:36.7,0,550,#N/A,#N/A,00:20:59,1258.546,-1
pert-josh,M7@bmm,4570,433,7989,5,814,NULL,2424029,2424029,2424029,NULL,LIMIT,BUY,1,545,2019-03-01T06:52:40.165,2019-03-01T06:52:40.168,,52:40.2,52:40.2,0,550,#N/A,#N/A,00:21:02,1261.998,1
pert-josh,M3@bmm,4566,433,7989,5,814,NULL,2424031,2424031,2424031,2424028,LIMIT,BUY,1,550,2019-03-01T06:52:40.670,2019-03-01T06:52:40.675,,52:40.7,52:40.7,1,550,550,0,00:21:03,1262.503,1
pert-josh,M5@bmm,4568,433,7989,5,814,NULL,2424032,2424032,2424032,2424033,LIMIT,BUY,1,550,2019-03-01T06:52:41.500,2019-03-01T06:52:41.512,,52:41.5,52:41.5,0,550,#N/A,#N/A,00:21:03,1263.333,1
pert-josh,M2@bmm,4565,433,7989,5,814,NULL,2424033,2424030,2424030,2424032,LIMIT,SELL,1,550,2019-03-01T06:52:41.506,2019-03-01T06:52:41.512,,52:41.5,52:41.5,1,550,550,0,00:21:03,1263.339,-1
pert-josh,M4@bmm,4567,433,7989,5,814,NULL,2424035,2424035,2424035,2424036,LIMIT,BUY,1,550,2019-03-01T06:52:41.648,2019-03-01T06:52:41.659,,52:41.6,52:41.6,0,550,#N/A,#N/A,00:21:03,1263.481,1
pert-josh,M2@bmm,4565,433,7989,5,814,NULL,2424036,2424030,2424034,2424035,LIMIT,SELL,1,550,2019-03-01T06:52:41.653,2019-03-01T06:52:41.659,,52:41.7,52:41.7,1,550,550,0,00:21:03,1263.486,-1
pert-josh,M2@bmm,4565,433,7989,5,814,NULL,2424037,2424030,2424034,2424038,LIMIT,SELL,1,550,2019-03-01T06:52:40.294,2019-03-01T06:52:45.596,,52:40.3,52:40.3,0,550,#N/A,#N/A,00:21:02,1262.127,-1
pert-josh,M5@bmm,4568,433,7989,5,814,NULL,2424038,2424038,2424038,2424037,LIMIT,BUY,1,550,2019-03-01T06:52:45.591,2019-03-01T06:52:45.596,,52:45.6,52:45.6,1,550,550,0,00:21:07,1267.424,1
pert-josh,M3@bmm,4566,433,7989,5,814,NULL,2424039,2424039,2424039,NULL,LIMIT,SELL,1,555,2019-03-01T06:52:48.518,2019-03-01T06:52:48.521,,52:48.5,52:48.5,0,550,#N/A,#N/A,00:21:10,1270.351,-1
pert-josh,M8@bmm,4571,433,7989,5,814,NULL,2424040,2424040,2424040,2424042,LIMIT,SELL,1,550,2019-03-01T06:52:48.709,2019-03-01T06:52:53.526,,52:48.7,52:48.7,0,550,#N/A,#N/A,00:21:11,1270.542,-1
pert-josh,M8@bmm,4571,433,7989,5,814,NULL,2424041,2424041,2424041,2424043,LIMIT,SELL,1,550,2019-03-01T06:52:48.948,2019-03-01T06:52:55.727,,52:48.9,52:48.9,0,550,#N/A,#N/A,00:21:11,1270.781,-1
pert-josh,M6@bmm,4569,433,7989,5,814,NULL,2424042,2424042,2424042,2424040,LIMIT,BUY,1,550,2019-03-01T06:52:53.521,2019-03-01T06:52:53.526,,52:53.5,52:53.5,1,550,550,0,00:21:15,1275.354,1
pert-josh,M4@bmm,4567,433,7989,5,814,NULL,2424043,2424043,2424043,2424041,LIMIT,BUY,1,550,2019-03-01T06:52:55.721,2019-03-01T06:52:55.726,,52:55.7,52:55.7,1,550,550,0,00:21:18,1277.554,1
pert-josh,M7@bmm,4570,433,7989,5,814,NULL,2424046,2424046,2424046,NULL,LIMIT,SELL,1,555,2019-03-01T06:52:57.734,2019-03-01T06:52:57.737,,52:57.7,52:57.7,0,550,#N/A,#N/A,00:21:20,1279.567,-1
pert-josh,M5@bmm,4568,433,7989,5,814,NULL,2424054,2424054,2424054,2424010,LIMIT,BUY,1,555,2019-03-01T06:53:05.222,2019-03-01T06:53:05.228,,53:05.2,53:05.2,1,550,555,5,00:21:27,1287.055,1
pert-josh,M4@bmm,4567,433,7989,5,814,NULL,2424055,2424055,2424055,2424057,LIMIT,SELL,1,550,2019-03-01T06:53:06.263,2019-03-01T06:53:08.358,,53:06.3,53:06.3,0,550,#N/A,#N/A,00:21:28,1288.096,-1
pert-josh,M5@bmm,4568,433,7989,5,814,NULL,2424057,2424056,2424056,2424055,LIMIT,BUY,1,550,2019-03-01T06:53:08.354,2019-03-01T06:53:08.358,,53:08.4,53:08.4,1,550,550,0,00:21:30,1290.187,1
pert-josh,M4@bmm,4567,433,7989,5,814,NULL,2424058,2424058,2424058,NULL,LIMIT,SELL,1,555,2019-03-01T06:53:13.057,2019-03-01T06:53:13.059,,53:13.1,53:13.1,0,550,#N/A,#N/A,00:21:35,1294.89,-1
pert-josh,M6@bmm,4569,433,7989,5,814,NULL,2424059,2424059,2424059,2424060,LIMIT,SELL,1,550,2019-03-01T06:53:16.234,2019-03-01T06:53:17.009,,53:16.2,53:16.2,0,550,#N/A,#N/A,00:21:38,1298.067,-1
pert-josh,M4@bmm,4567,433,7989,5,814,NULL,2424060,2424060,2424060,2424059,LIMIT,BUY,1,550,2019-03-01T06:53:17.001,2019-03-01T06:53:17.008,,53:17.0,53:17.0,1,550,550,0,00:21:39,1298.834,1
pert-josh,M6@bmm,4569,433,7989,5,814,NULL,2424062,2424062,2424062,2424068,LIMIT,SELL,1,550,2019-03-01T06:53:26.129,2019-03-01T06:53:50.088,,53:26.1,53:26.1,0,550,#N/A,#N/A,00:21:48,1307.962,-1
pert-josh,M3@bmm,4566,433,7989,5,814,NULL,2424063,2424063,2424063,NULL,LIMIT,SELL,1,555,2019-03-01T06:53:37.101,2019-03-01T06:53:37.103,,53:37.1,53:37.1,0,550,#N/A,#N/A,00:21:59,1318.934,-1
pert-josh,M2@bmm,4565,433,7989,5,814,NULL,2424068,2424066,2424066,2424062,LIMIT,BUY,1,550,2019-03-01T06:53:50.073,2019-03-01T06:53:50.088,,53:50.1,53:50.1,1,550,550,0,00:22:12,1331.906,1
pert-josh,M2@bmm,4565,433,7989,5,814,NULL,2424069,2424066,2424066,2424070,LIMIT,BUY,1,550,2019-03-01T06:53:50.077,2019-03-01T06:53:50.088,,53:50.1,53:50.1,0,550,#N/A,#N/A,00:22:12,1331.91,1
pert-josh,M1@bmm,4564,433,7989,5,814,NULL,2424070,2424064,2424064,2424069,LIMIT,SELL,1,550,2019-03-01T06:53:50.081,2019-03-01T06:53:50.088,,53:50.1,53:50.1,1,550,550,0,00:22:12,1331.914,-1
pert-josh,M1@bmm,4564,433,7989,5,814,NULL,2424071,2424064,2424064,2424072,LIMIT,SELL,1,550,2019-03-01T06:53:38.017,2019-03-01T06:53:50.584,,53:38.0,53:38.0,0,550,#N/A,#N/A,00:22:00,1319.85,-1
pert-josh,M6@bmm,4569,433,7989,5,814,NULL,2424072,2424072,2424072,2424071,LIMIT,BUY,1,550,2019-03-01T06:53:50.578,2019-03-01T06:53:50.583,,53:50.6,53:50.6,1,550,550,0,00:22:12,1332.411,1
pert-josh,M6@bmm,4569,433,7989,5,814,NULL,2424073,2424073,2424073,2424074,LIMIT,BUY,1,550,2019-03-01T06:53:51.552,2019-03-01T06:53:51.663,,53:51.6,53:51.6,0,550,#N/A,#N/A,00:22:13,1333.385,1
pert-josh,M7@bmm,4570,433,7989,5,814,NULL,2424074,2424074,2424074,2424073,LIMIT,SELL,1,550,2019-03-01T06:53:51.638,2019-03-01T06:53:51.663,,53:51.6,53:51.6,1,550,550,0,00:22:13,1333.471,-1
pert-josh,M6@bmm,4569,433,7989,5,814,NULL,2424075,2424075,2424075,2424077,LIMIT,BUY,1,550,2019-03-01T06:53:52.593,2019-03-01T06:53:56.227,,53:52.6,53:52.6,0,550,#N/A,#N/A,00:22:14,1334.426,1
pert-josh,M4@bmm,4567,433,7989,5,814,NULL,2424076,2424076,2424076,NULL,LIMIT,SELL,1,555,2019-03-01T06:53:55.986,2019-03-01T06:53:55.989,,53:56.0,53:56.0,0,550,#N/A,#N/A,00:22:18,1337.819,-1
pert-josh,M7@bmm,4570,433,7989,5,814,NULL,2424077,2424077,2424077,2424075,LIMIT,SELL,1,550,2019-03-01T06:53:56.221,2019-03-01T06:53:56.227,,53:56.2,53:56.2,1,550,550,0,00:22:18,1338.054,-1
pert-josh,M6@bmm,4569,433,7989,5,814,NULL,2424078,2424078,2424078,2424080,LIMIT,BUY,1,550,2019-03-01T06:53:57.321,2019-03-01T06:53:59.418,,53:57.3,53:57.3,0,550,#N/A,#N/A,00:22:19,1339.154,1
pert-josh,M2@bmm,4565,433,7989,5,814,NULL,2424080,2424079,2424079,2424078,LIMIT,SELL,1,550,2019-03-01T06:53:59.412,2019-03-01T06:53:59.418,,53:59.4,53:59.4,1,550,550,0,00:22:21,1341.245,-1
pert-josh,M2@bmm,4565,433,7989,5,814,NULL,2424081,2424079,2424079,2424082,LIMIT,SELL,1,550,2019-03-01T06:53:59.407,2019-03-01T06:54:00.368,,53:59.4,53:59.4,0,550,#N/A,#N/A,00:22:21,1341.24,-1
pert-josh,M6@bmm,4569,433,7989,5,814,NULL,2424082,2424082,2424082,2424081,LIMIT,BUY,1,550,2019-03-01T06:54:00.361,2019-03-01T06:54:00.367,,54:00.4,54:00.4,1,550,550,0,00:22:22,1342.194,1
pert-josh,M6@bmm,4569,433,7989,5,814,NULL,2424084,2424084,2424084,2424085,LIMIT,BUY,1,550,2019-03-01T06:54:02.121,2019-03-01T06:54:02.133,,54:02.1,54:02.1,0,550,#N/A,#N/A,00:22:24,1343.954,1
pert-josh,M1@bmm,4564,433,7989,5,814,NULL,2424085,2424083,2424083,2424084,LIMIT,SELL,1,550,2019-03-01T06:54:02.127,2019-03-01T06:54:02.133,,54:02.1,54:02.1,1,550,550,0,00:22:24,1343.96,-1
pert-josh,M1@bmm,4564,433,7989,5,814,NULL,2424086,2424083,2424083,2424087,LIMIT,SELL,1,550,2019-03-01T06:54:01.312,2019-03-01T06:54:02.816,,54:01.3,54:01.3,0,550,#N/A,#N/A,00:22:23,1343.145,-1
pert-josh,M6@bmm,4569,433,7989,5,814,NULL,2424087,2424087,2424087,2424086,LIMIT,BUY,1,550,2019-03-01T06:54:02.810,2019-03-01T06:54:02.816,,54:02.8,54:02.8,1,550,550,0,00:22:25,1344.643,1
pert-josh,M3@bmm,4566,433,7989,5,814,NULL,2424088,2424088,2424088,2424089,LIMIT,SELL,1,550,2019-03-01T06:54:07.336,2019-03-01T06:54:08.697,,54:07.3,54:07.3,0,550,#N/A,#N/A,00:22:29,1349.169,-1
pert-josh,M6@bmm,4569,433,7989,5,814,NULL,2424089,2424089,2424089,2424088,LIMIT,BUY,1,550,2019-03-01T06:54:08.690,2019-03-01T06:54:08.696,,54:08.7,54:08.7,1,550,550,0,00:22:31,1350.523,1
pert-josh,M6@bmm,4569,433,7989,5,814,NULL,2424092,2424092,2424092,NULL,LIMIT,BUY,1,545,2019-03-01T06:54:12.146,2019-03-01T06:54:12.149,,54:12.1,54:12.1,0,550,#N/A,#N/A,00:22:34,1353.979,1
pert-josh,M8@bmm,4571,433,7989,5,814,NULL,2424093,2424093,2424093,2424094,LIMIT,SELL,1,550,2019-03-01T06:54:12.435,2019-03-01T06:54:12.447,,54:12.4,54:12.4,0,550,#N/A,#N/A,00:22:34,1354.268,-1
pert-josh,M2@bmm,4565,433,7989,5,814,NULL,2424094,2424091,2424091,2424093,LIMIT,BUY,1,550,2019-03-01T06:54:12.441,2019-03-01T06:54:12.447,,54:12.4,54:12.4,1,550,550,0,00:22:34,1354.274,1
pert-josh,M2@bmm,4565,433,7989,5,814,NULL,2424095,2424091,2424091,NULL,LIMIT,BUY,1,550,2019-03-01T06:54:10.709,2019-03-01T06:54:12.447,,54:10.7,54:10.7,0,550,#N/A,#N/A,00:22:33,1352.542,1
pert-josh,M6@bmm,4569,433,7989,5,814,NULL,2424096,2424096,2424096,NULL,LIMIT,SELL,1,555,2019-03-01T06:54:17.819,2019-03-01T06:54:17.822,,54:17.8,54:17.8,0,550,#N/A,#N/A,00:22:40,1359.652,-1
pert-josh,M6@bmm,4569,433,7989,5,814,NULL,2424097,2424097,2424097,NULL,LIMIT,SELL,1,560,2019-03-01T06:54:20.475,2019-03-01T06:54:20.478,,54:20.5,54:20.5,0,550,#N/A,#N/A,00:22:42,1362.308,-1
pert-josh,M6@bmm,4569,433,7989,5,814,NULL,2424099,2424099,2424099,NULL,LIMIT,SELL,1,570,2019-03-01T06:54:23.037,2019-03-01T06:54:23.039,,54:23.0,54:23.0,0,550,#N/A,#N/A,00:22:45,1364.87,-1
pert-josh,M6@bmm,4569,433,7989,5,814,NULL,2424100,2424100,2424100,NULL,LIMIT,SELL,1,575,2019-03-01T06:54:24.770,2019-03-01T06:54:24.772,,54:24.8,54:24.8,0,550,#N/A,#N/A,00:22:47,1366.603,-1
pert-josh,M6@bmm,4569,433,7989,5,814,NULL,2424102,2424102,2424102,NULL,LIMIT,SELL,1,610,2019-03-01T06:54:33.842,2019-03-01T06:54:33.847,,54:33.8,54:33.8,0,550,#N/A,#N/A,00:22:56,1375.675,-1
pert-josh,M6@bmm,4569,433,7989,5,814,NULL,2424103,2424103,2424103,NULL,LIMIT,SELL,1,600,2019-03-01T06:54:35.153,2019-03-01T06:54:35.156,,54:35.2,54:35.2,0,550,#N/A,#N/A,00:22:57,1376.986,-1
pert-josh,M3@bmm,4566,433,7990,6,814,NULL,2424107,2424107,2424107,2424109,LIMIT,SELL,1,525,2019-03-01T06:55:22.859,2019-03-01T06:55:23.216,,55:22.9,55:22.9,0,500,#N/A,#N/A,00:23:45,1424.692,-1
pert-josh,M7@bmm,4570,433,7990,6,814,NULL,2424109,2424108,2424108,2424107,LIMIT,BUY,1,525,2019-03-01T06:55:23.212,2019-03-01T06:55:23.216,,55:23.2,55:23.2,1,500,525,25,00:23:45,1425.045,1
pert-josh,M6@bmm,4569,433,7990,6,814,NULL,2424110,2424110,2424110,NULL,LIMIT,BUY,1,490,2019-03-01T06:55:23.828,2019-03-01T06:55:23.831,,55:23.8,55:23.8,0,500,#N/A,#N/A,00:23:46,1425.661,1
pert-josh,M7@bmm,4570,433,7990,6,814,NULL,2424111,2424111,2424111,2424113,LIMIT,BUY,1,555,2019-03-01T06:55:24.254,2019-03-01T06:55:25.306,,55:24.3,55:24.3,0,500,#N/A,#N/A,00:23:46,1426.087,1
pert-josh,M3@bmm,4566,433,7990,6,814,NULL,2424113,2424112,2424112,2424111,LIMIT,SELL,1,555,2019-03-01T06:55:25.302,2019-03-01T06:55:25.306,,55:25.3,55:25.3,1,500,555,55,00:23:47,1427.135,-1
pert-josh,M2@bmm,4565,433,7990,6,814,NULL,2424114,2424114,2424114,2424116,LIMIT,BUY,1,550,2019-03-01T06:55:28.268,2019-03-01T06:55:29.626,,55:28.3,55:28.3,0,500,#N/A,#N/A,00:23:50,1430.101,1
pert-josh,M3@bmm,4566,433,7990,6,814,NULL,2424116,2424115,2424115,2424114,LIMIT,SELL,1,550,2019-03-01T06:55:29.623,2019-03-01T06:55:29.626,,55:29.6,55:29.6,1,500,550,50,00:23:51,1431.456,-1
pert-josh,M7@bmm,4570,433,7990,6,814,NULL,2424117,2424117,2424117,2424119,LIMIT,BUY,1,540,2019-03-01T06:55:30.687,2019-03-01T06:55:37.485,,55:30.7,55:30.7,0,500,#N/A,#N/A,00:23:53,1432.52,1
pert-josh,M3@bmm,4566,433,7990,6,814,NULL,2424119,2424119,2424119,2424117,LIMIT,SELL,1,540,2019-03-01T06:55:37.480,2019-03-01T06:55:37.485,,55:37.5,55:37.5,1,500,540,40,00:23:59,1439.313,-1
pert-josh,M7@bmm,4570,433,7990,6,814,NULL,2424123,2424123,2424123,NULL,LIMIT,SELL,1,545,2019-03-01T06:55:47.302,2019-03-01T06:55:47.305,,55:47.3,55:47.3,0,500,#N/A,#N/A,00:24:09,1449.135,-1
pert-josh,M6@bmm,4569,433,7990,6,814,NULL,2424130,2424129,2424129,2424131,LIMIT,SELL,1,525,2019-03-01T06:55:58.867,2019-03-01T06:55:58.876,,55:58.9,55:58.9,0,500,#N/A,#N/A,00:24:21,1460.7,-1
pert-josh,M2@bmm,4565,433,7990,6,814,NULL,2424131,2424126,2424126,2424130,LIMIT,BUY,1,525,2019-03-01T06:55:58.869,2019-03-01T06:55:58.876,,55:58.9,55:58.9,1,500,525,25,00:24:21,1460.702,1
pert-josh,M7@bmm,4570,433,7990,6,814,NULL,2424133,2424133,2424133,NULL,LIMIT,BUY,1,495,2019-03-01T06:55:59.021,2019-03-01T06:55:59.024,,55:59.0,55:59.0,0,500,#N/A,#N/A,00:24:21,1460.854,1
pert-josh,M3@bmm,4566,433,7990,6,814,NULL,2424134,2424134,2424134,2424135,LIMIT,SELL,1,525,2019-03-01T06:56:01.235,2019-03-01T06:56:01.248,,56:01.2,56:01.2,0,500,#N/A,#N/A,00:24:23,1463.068,-1
pert-josh,M2@bmm,4565,433,7990,6,814,NULL,2424135,2424126,2424132,2424134,LIMIT,BUY,1,525,2019-03-01T06:56:01.241,2019-03-01T06:56:01.248,,56:01.2,56:01.2,1,500,525,25,00:24:23,1463.074,1
pert-josh,M2@bmm,4565,433,7990,6,814,NULL,2424136,2424126,2424132,2424138,LIMIT,BUY,1,525,2019-03-01T06:55:51.842,2019-03-01T06:56:02.387,,55:51.8,55:51.8,0,500,#N/A,#N/A,00:24:14,1453.675,1
pert-josh,M6@bmm,4569,433,7990,6,814,NULL,2424138,2424137,2424137,2424136,LIMIT,SELL,1,525,2019-03-01T06:56:02.383,2019-03-01T06:56:02.387,,56:02.4,56:02.4,1,500,525,25,00:24:24,1464.216,-1
pert-josh,M7@bmm,4570,433,7990,6,814,NULL,2424139,2424139,2424139,2424164,LIMIT,BUY,1,500,2019-03-01T06:56:02.648,2019-03-01T06:56:56.810,,56:02.6,56:02.6,0,500,#N/A,#N/A,00:24:24,1464.481,1
pert-josh,M6@bmm,4569,433,7990,6,814,NULL,2424142,2424142,2424142,2424169,LIMIT,SELL,1,505,2019-03-01T06:56:08.749,2019-03-01T06:57:02.286,,56:08.7,56:08.7,0,500,#N/A,#N/A,00:24:31,1470.582,-1
pert-josh,M8@bmm,4571,433,7990,6,814,NULL,2424143,2424143,2424143,NULL,LIMIT,BUY,1,495,2019-03-01T06:56:11.722,2019-03-01T06:56:11.725,,56:11.7,56:11.7,0,500,#N/A,#N/A,00:24:34,1473.555,1
pert-josh,M6@bmm,4569,433,7990,6,814,NULL,2424144,2424144,2424144,NULL,LIMIT,SELL,1,505,2019-03-01T06:56:11.827,2019-03-01T06:56:11.830,,56:11.8,56:11.8,0,500,#N/A,#N/A,00:24:34,1473.66,-1
pert-josh,M7@bmm,4570,433,7990,6,814,NULL,2424145,2424145,2424145,NULL,LIMIT,SELL,1,510,2019-03-01T06:56:13.432,2019-03-01T06:56:13.436,,56:13.4,56:13.4,0,500,#N/A,#N/A,00:24:35,1475.265,-1
pert-josh,M4@bmm,4567,433,7990,6,814,NULL,2424147,2424147,2424147,NULL,LIMIT,BUY,1,495,2019-03-01T06:56:22.527,2019-03-01T06:56:22.530,,56:22.5,56:22.5,0,500,#N/A,#N/A,00:24:44,1484.36,1
pert-josh,M6@bmm,4569,433,7990,6,814,NULL,2424153,2424153,2424153,NULL,LIMIT,BUY,1,495,2019-03-01T06:56:35.292,2019-03-01T06:56:35.295,,56:35.3,56:35.3,0,500,#N/A,#N/A,00:24:57,1497.125,1
pert-josh,M6@bmm,4569,433,7990,6,814,NULL,2424154,2424154,2424154,NULL,LIMIT,BUY,1,495,2019-03-01T06:56:37.435,2019-03-01T06:56:37.438,,56:37.4,56:37.4,0,500,#N/A,#N/A,00:24:59,1499.268,1
pert-josh,M6@bmm,4569,433,7990,6,814,NULL,2424156,2424156,2424156,NULL,LIMIT,BUY,1,495,2019-03-01T06:56:37.738,2019-03-01T06:56:37.740,,56:37.7,56:37.7,0,500,#N/A,#N/A,00:25:00,1499.571,1
pert-josh,M6@bmm,4569,433,7990,6,814,NULL,2424157,2424157,2424157,NULL,LIMIT,BUY,1,495,2019-03-01T06:56:37.976,2019-03-01T06:56:37.978,,56:38.0,56:38.0,0,500,#N/A,#N/A,00:25:00,1499.809,1
pert-josh,M4@bmm,4567,433,7990,6,814,NULL,2424159,2424159,2424159,2424170,LIMIT,BUY,1,500,2019-03-01T06:56:40.453,2019-03-01T06:57:04.712,,56:40.5,56:40.5,0,500,#N/A,#N/A,00:25:02,1502.286,1
pert-josh,M6@bmm,4569,433,7990,6,814,NULL,2424160,2424160,2424160,NULL,LIMIT,SELL,1,505,2019-03-01T06:56:40.701,2019-03-01T06:56:40.704,,56:40.7,56:40.7,0,500,#N/A,#N/A,00:25:03,1502.534,-1
pert-josh,M6@bmm,4569,433,7990,6,814,NULL,2424161,2424161,2424161,NULL,LIMIT,SELL,1,505,2019-03-01T06:56:40.896,2019-03-01T06:56:40.898,,56:40.9,56:40.9,0,500,#N/A,#N/A,00:25:03,1502.729,-1
pert-josh,M4@bmm,4567,433,7990,6,814,NULL,2424163,2424163,2424163,NULL,LIMIT,SELL,1,505,2019-03-01T06:56:48.868,2019-03-01T06:56:48.871,,56:48.9,56:48.9,0,500,#N/A,#N/A,00:25:11,1510.701,-1
pert-josh,M1@bmm,4564,433,7990,6,814,NULL,2424164,2424164,2424164,2424139,LIMIT,SELL,1,500,2019-03-01T06:56:56.803,2019-03-01T06:56:56.810,,56:56.8,56:56.8,1,500,500,0,00:25:19,1518.636,-1
pert-josh,M7@bmm,4570,433,7990,6,814,NULL,2424165,2424165,2424165,NULL,LIMIT,SELL,1,505,2019-03-01T06:56:58.812,2019-03-01T06:56:58.814,,56:58.8,56:58.8,0,500,#N/A,#N/A,00:25:21,1520.645,-1
pert-josh,M7@bmm,4570,433,7990,6,814,NULL,2424169,2424169,2424169,2424142,LIMIT,BUY,1,505,2019-03-01T06:57:02.278,2019-03-01T06:57:02.286,,57:02.3,57:02.3,1,500,505,5,00:25:24,1524.111,1
pert-josh,M1@bmm,4564,433,7990,6,814,NULL,2424170,2424170,2424170,2424159,LIMIT,SELL,1,500,2019-03-01T06:57:04.706,2019-03-01T06:57:04.711,,57:04.7,57:04.7,1,500,500,0,00:25:27,1526.539,-1
pert-josh,M6@bmm,4569,433,7990,6,814,NULL,2424171,2424171,2424171,NULL,LIMIT,SELL,1,510,2019-03-01T06:57:14.504,2019-03-01T06:57:14.508,,57:14.5,57:14.5,0,500,#N/A,#N/A,00:25:36,1536.337,-1
pert-josh,M7@bmm,4570,433,7990,6,814,NULL,2424172,2424172,2424172,NULL,LIMIT,BUY,1,495,2019-03-01T06:57:14.511,2019-03-01T06:57:14.514,,57:14.5,57:14.5,0,500,#N/A,#N/A,00:25:36,1536.344,1
pert-josh,M6@bmm,4569,433,7990,6,814,NULL,2424173,2424173,2424173,NULL,LIMIT,SELL,1,510,2019-03-01T06:57:15.318,2019-03-01T06:57:15.321,,57:15.3,57:15.3,0,500,#N/A,#N/A,00:25:37,1537.151,-1
pert-josh,M6@bmm,4569,433,7990,6,814,NULL,2424174,2424174,2424174,NULL,LIMIT,SELL,1,510,2019-03-01T06:57:16.719,2019-03-01T06:57:16.722,,57:16.7,57:16.7,0,500,#N/A,#N/A,00:25:39,1538.552,-1
pert-josh,M3@bmm,4566,433,7990,6,814,NULL,2424176,2424176,2424176,2424177,LIMIT,SELL,1,500,2019-03-01T06:57:20.188,2019-03-01T06:57:20.201,,57:20.2,57:20.2,0,500,#N/A,#N/A,00:25:42,1542.021,-1
pert-josh,M2@bmm,4565,433,7990,6,814,NULL,2424177,2424175,2424175,2424176,LIMIT,BUY,1,500,2019-03-01T06:57:20.196,2019-03-01T06:57:20.202,,57:20.2,57:20.2,1,500,500,0,00:25:42,1542.029,1
pert-josh,M7@bmm,4570,433,7990,6,814,NULL,2424179,2424179,2424179,2424182,LIMIT,BUY,1,500,2019-03-01T06:57:23.281,2019-03-01T06:57:24.453,,57:23.3,57:23.3,0,500,#N/A,#N/A,00:25:45,1545.114,1
pert-josh,M2@bmm,4565,433,7990,6,814,NULL,2424182,2424180,2424180,2424179,LIMIT,SELL,1,500,2019-03-01T06:57:24.450,2019-03-01T06:57:24.453,,57:24.4,57:24.4,1,500,500,0,00:25:46,1546.283,-1
pert-josh,M2@bmm,4565,433,7990,6,814,NULL,2424184,2424184,2424184,2424185,LIMIT,BUY,1,500,2019-03-01T06:57:32.301,2019-03-01T06:57:34.888,,57:32.3,57:32.3,0,500,#N/A,#N/A,00:25:54,1554.134,1
pert-josh,M3@bmm,4566,433,7990,6,814,NULL,2424185,2424185,2424185,2424184,LIMIT,SELL,1,500,2019-03-01T06:57:34.882,2019-03-01T06:57:34.888,,57:34.9,57:34.9,1,500,500,0,00:25:57,1556.715,-1
pert-josh,M6@bmm,4569,433,7990,6,814,NULL,2424186,2424186,2424186,2424189,LIMIT,BUY,1,500,2019-03-01T06:57:37.064,2019-03-01T06:57:45.169,,57:37.1,57:37.1,0,500,#N/A,#N/A,00:25:59,1558.897,1
pert-josh,M6@bmm,4569,433,7990,6,814,NULL,2424187,2424187,2424187,NULL,LIMIT,BUY,1,500,2019-03-01T06:57:37.211,2019-03-01T06:57:37.214,,57:37.2,57:37.2,0,500,#N/A,#N/A,00:25:59,1559.044,1
pert-josh,M4@bmm,4567,433,7990,6,814,NULL,2424188,2424188,2424188,NULL,LIMIT,SELL,1,505,2019-03-01T06:57:43.607,2019-03-01T06:57:43.610,,57:43.6,57:43.6,0,500,#N/A,#N/A,00:26:05,1565.44,-1
pert-josh,M1@bmm,4564,433,7990,6,814,NULL,2424189,2424189,2424189,2424186,LIMIT,SELL,1,500,2019-03-01T06:57:45.163,2019-03-01T06:57:45.169,,57:45.2,57:45.2,1,500,500,0,00:26:07,1566.996,-1
pert-josh,M7@bmm,4570,433,7990,6,814,NULL,2424190,2424190,2424190,NULL,LIMIT,BUY,1,500,2019-03-01T06:57:52.280,2019-03-01T06:57:52.282,,57:52.3,57:52.3,0,500,#N/A,#N/A,00:26:14,1574.113,1
pert-josh,M2@bmm,4565,433,7990,6,814,NULL,2424191,2424191,2424191,NULL,LIMIT,BUY,2,500,2019-03-01T06:57:54.530,2019-03-01T06:57:54.533,,57:54.5,57:54.5,0,500,#N/A,#N/A,00:26:16,1576.363,1
pert-josh,M6@bmm,4569,433,7990,6,814,NULL,2424194,2424194,2424194,NULL,LIMIT,BUY,1,500,2019-03-01T06:58:04.237,2019-03-01T06:58:04.240,,58:04.2,58:04.2,0,500,#N/A,#N/A,00:26:26,1586.07,1
pert-josh,M6@bmm,4569,433,7991,7,814,NULL,2424196,2424196,2424196,NULL,LIMIT,BUY,1,420,2019-03-01T06:58:56.936,2019-03-01T06:58:56.938,,58:56.9,58:56.9,0,450,#N/A,#N/A,00:27:19,1638.769,1
pert-josh,M6@bmm,4569,433,7991,7,814,NULL,2424199,2424199,2424199,NULL,LIMIT,BUY,1,440,2019-03-01T06:59:02.711,2019-03-01T06:59:02.714,,59:02.7,59:02.7,0,450,#N/A,#N/A,00:27:25,1644.544,1
pert-josh,M7@bmm,4570,433,7991,7,814,NULL,2424200,2424200,2424200,2424206,LIMIT,BUY,1,450,2019-03-01T06:59:02.759,2019-03-01T06:59:08.272,,59:02.8,59:02.8,0,450,#N/A,#N/A,00:27:25,1644.592,1
pert-josh,M6@bmm,4569,433,7991,7,814,NULL,2424202,2424202,2424202,NULL,LIMIT,BUY,1,440,2019-03-01T06:59:04.054,2019-03-01T06:59:04.057,,59:04.1,59:04.1,0,450,#N/A,#N/A,00:27:26,1645.887,1
pert-josh,M3@bmm,4566,433,7991,7,814,NULL,2424204,2424204,2424204,NULL,LIMIT,SELL,1,455,2019-03-01T06:59:04.950,2019-03-01T06:59:04.953,,59:05.0,59:05.0,0,450,#N/A,#N/A,00:27:27,1646.783,-1
pert-josh,M7@bmm,4570,433,7991,7,814,NULL,2424205,2424205,2424205,2424207,LIMIT,BUY,1,450,2019-03-01T06:59:06.291,2019-03-01T06:59:08.506,,59:06.3,59:06.3,0,450,#N/A,#N/A,00:27:28,1648.124,1
pert-josh,M1@bmm,4564,433,7991,7,814,NULL,2424206,2424206,2424206,2424200,LIMIT,SELL,1,450,2019-03-01T06:59:08.265,2019-03-01T06:59:08.271,,59:08.3,59:08.3,1,450,450,0,00:27:30,1650.098,-1
pert-josh,M1@bmm,4564,433,7991,7,814,NULL,2424207,2424207,2424207,2424205,LIMIT,SELL,1,450,2019-03-01T06:59:08.500,2019-03-01T06:59:08.505,,59:08.5,59:08.5,1,450,450,0,00:27:30,1650.333,-1
pert-josh,M8@bmm,4571,433,7991,7,814,NULL,2424209,2424209,2424209,NULL,LIMIT,BUY,1,440,2019-03-01T06:59:08.795,2019-03-01T06:59:08.797,,59:08.8,59:08.8,0,450,#N/A,#N/A,00:27:31,1650.628,1
pert-josh,M4@bmm,4567,433,7991,7,814,NULL,2424210,2424210,2424210,NULL,LIMIT,SELL,1,455,2019-03-01T06:59:09.590,2019-03-01T06:59:09.592,,59:09.6,59:09.6,0,450,#N/A,#N/A,00:27:31,1651.423,-1
pert-josh,M6@bmm,4569,433,7991,7,814,NULL,2424214,2424214,2424214,NULL,LIMIT,BUY,1,445,2019-03-01T06:59:17.462,2019-03-01T06:59:17.465,,59:17.5,59:17.5,0,450,#N/A,#N/A,00:27:39,1659.295,1
pert-josh,M4@bmm,4567,433,7991,7,814,NULL,2424215,2424215,2424215,NULL,LIMIT,BUY,1,445,2019-03-01T06:59:18.135,2019-03-01T06:59:18.137,,59:18.1,59:18.1,0,450,#N/A,#N/A,00:27:40,1659.968,1
pert-josh,M6@bmm,4569,433,7991,7,814,NULL,2424216,2424216,2424216,NULL,LIMIT,BUY,1,445,2019-03-01T06:59:18.276,2019-03-01T06:59:18.278,,59:18.3,59:18.3,0,450,#N/A,#N/A,00:27:40,1660.109,1
pert-josh,M5@bmm,4568,433,7991,7,814,NULL,2424218,2424218,2424218,2424219,LIMIT,BUY,1,450,2019-03-01T06:59:22.135,2019-03-01T06:59:22.146,,59:22.1,59:22.1,0,450,#N/A,#N/A,00:27:44,1663.968,1
pert-josh,M2@bmm,4565,433,7991,7,814,NULL,2424219,2424212,2424212,2424218,LIMIT,SELL,1,450,2019-03-01T06:59:22.140,2019-03-01T06:59:22.146,,59:22.1,59:22.1,1,450,450,0,00:27:44,1663.973,-1
pert-josh,M2@bmm,4565,433,7991,7,814,NULL,2424220,2424212,2424212,2424221,LIMIT,SELL,1,450,2019-03-01T06:59:12.983,2019-03-01T06:59:24.225,,59:13.0,59:13.0,0,450,#N/A,#N/A,00:27:35,1654.816,-1
pert-josh,M5@bmm,4568,433,7991,7,814,NULL,2424221,2424221,2424221,2424220,LIMIT,BUY,1,450,2019-03-01T06:59:24.220,2019-03-01T06:59:24.225,,59:24.2,59:24.2,1,450,450,0,00:27:46,1666.053,1
pert-josh,M3@bmm,4566,433,7991,7,814,NULL,2424222,2424222,2424222,NULL,LIMIT,SELL,1,455,2019-03-01T06:59:26.665,2019-03-01T06:59:26.668,,59:26.7,59:26.7,0,450,#N/A,#N/A,00:27:48,1668.498,-1
pert-josh,M5@bmm,4568,433,7991,7,814,NULL,2424226,2424226,2424226,2424227,LIMIT,BUY,1,450,2019-03-01T06:59:42.150,2019-03-01T06:59:42.160,,59:42.1,59:42.1,0,450,#N/A,#N/A,00:28:04,1683.983,1
pert-josh,M2@bmm,4565,433,7991,7,814,NULL,2424227,2424224,2424224,2424226,LIMIT,SELL,1,450,2019-03-01T06:59:42.155,2019-03-01T06:59:42.160,,59:42.2,59:42.2,1,450,450,0,00:28:04,1683.988,-1
pert-josh,M5@bmm,4568,433,7991,7,814,NULL,2424229,2424229,2424229,2424230,LIMIT,BUY,1,450,2019-03-01T06:59:42.764,2019-03-01T06:59:42.776,,59:42.8,59:42.8,0,450,#N/A,#N/A,00:28:05,1684.597,1
pert-josh,M2@bmm,4565,433,7991,7,814,NULL,2424230,2424224,2424228,2424229,LIMIT,SELL,1,450,2019-03-01T06:59:42.769,2019-03-01T06:59:42.776,,59:42.8,59:42.8,1,450,450,0,00:28:05,1684.602,-1
pert-josh,M2@bmm,4565,433,7991,7,814,NULL,2424231,2424224,2424228,2424232,LIMIT,SELL,1,450,2019-03-01T06:59:33.248,2019-03-01T06:59:43.323,,59:33.2,59:33.2,0,450,#N/A,#N/A,00:27:55,1675.081,-1
pert-josh,M5@bmm,4568,433,7991,7,814,NULL,2424232,2424232,2424232,2424231,LIMIT,BUY,1,450,2019-03-01T06:59:43.317,2019-03-01T06:59:43.323,,59:43.3,59:43.3,1,450,450,0,00:28:05,1685.15,1
pert-josh,M7@bmm,4570,433,7991,7,814,NULL,2424234,2424234,2424234,NULL,LIMIT,SELL,1,455,2019-03-01T06:59:56.419,2019-03-01T06:59:56.422,,59:56.4,59:56.4,0,450,#N/A,#N/A,00:28:18,1698.252,-1
pert-josh,M7@bmm,4570,433,7991,7,814,NULL,2424235,2424235,2424235,NULL,LIMIT,SELL,1,460,2019-03-01T07:00:02.054,2019-03-01T07:00:02.056,,00:02.1,00:02.1,0,450,#N/A,#N/A,00:28:24,1703.887,-1
pert-josh,M7@bmm,4570,433,7991,7,814,NULL,2424236,2424236,2424236,NULL,LIMIT,SELL,1,455,2019-03-01T07:00:03.619,2019-03-01T07:00:03.622,,00:03.6,00:03.6,0,450,#N/A,#N/A,00:28:25,1705.452,-1
pert-josh,M6@bmm,4569,433,7991,7,814,NULL,2424237,2424237,2424237,2424240,LIMIT,BUY,1,450,2019-03-01T07:00:07.110,2019-03-01T07:00:14.698,,00:07.1,00:07.1,0,450,#N/A,#N/A,00:28:29,1708.943,1
pert-josh,M7@bmm,4570,433,7991,7,814,NULL,2424238,2424238,2424238,NULL,LIMIT,BUY,1,445,2019-03-01T07:00:08.051,2019-03-01T07:00:08.053,,00:08.1,00:08.1,0,450,#N/A,#N/A,00:28:30,1709.884,1
pert-josh,M6@bmm,4569,433,7991,7,814,NULL,2424239,2424239,2424239,NULL,LIMIT,SELL,1,455,2019-03-01T07:00:13.295,2019-03-01T07:00:13.297,,00:13.3,00:13.3,0,450,#N/A,#N/A,00:28:35,1715.128,-1
pert-josh,M2@bmm,4565,433,7991,7,814,NULL,2424240,2424240,2424240,2424237,LIMIT,SELL,1,450,2019-03-01T07:00:14.689,2019-03-01T07:00:14.698,,00:14.7,00:14.7,1,450,450,0,00:28:37,1716.522,-1
pert-josh,M6@bmm,4569,433,7991,7,814,NULL,2424241,2424241,2424241,NULL,LIMIT,SELL,1,460,2019-03-01T07:00:15.109,2019-03-01T07:00:15.112,,00:15.1,00:15.1,0,450,#N/A,#N/A,00:28:37,1716.942,-1
pert-josh,M6@bmm,4569,433,7991,7,814,NULL,2424242,2424242,2424242,NULL,LIMIT,SELL,1,465,2019-03-01T07:00:16.704,2019-03-01T07:00:16.706,,00:16.7,00:16.7,0,450,#N/A,#N/A,00:28:39,1718.537,-1
pert-josh,M6@bmm,4569,433,7991,7,814,NULL,2424243,2424243,2424243,NULL,LIMIT,SELL,1,470,2019-03-01T07:00:18.287,2019-03-01T07:00:18.289,,00:18.3,00:18.3,0,450,#N/A,#N/A,00:28:40,1720.12,-1
pert-josh,M3@bmm,4566,433,7991,7,814,NULL,2424244,2424244,2424244,2424245,LIMIT,BUY,1,450,2019-03-01T07:00:19.745,2019-03-01T07:00:22.182,,00:19.7,00:19.7,0,450,#N/A,#N/A,00:28:42,1721.578,1
pert-josh,M8@bmm,4571,433,7991,7,814,NULL,2424245,2424245,2424245,2424244,LIMIT,SELL,1,450,2019-03-01T07:00:22.176,2019-03-01T07:00:22.182,,00:22.2,00:22.2,1,450,450,0,00:28:44,1724.009,-1
pert-josh,M4@bmm,4567,433,7991,7,814,NULL,2424246,2424246,2424246,NULL,LIMIT,BUY,1,445,2019-03-01T07:00:23.001,2019-03-01T07:00:23.003,,00:23.0,00:23.0,0,450,#N/A,#N/A,00:28:45,1724.834,1
pert-josh,M4@bmm,4567,433,7991,7,814,NULL,2424247,2424247,2424247,NULL,LIMIT,SELL,1,455,2019-03-01T07:00:28.281,2019-03-01T07:00:28.284,,00:28.3,00:28.3,0,450,#N/A,#N/A,00:28:50,1730.114,-1
pert-josh,M2@bmm,4565,433,7991,7,814,NULL,2424248,2424248,2424248,2424251,LIMIT,SELL,1,450,2019-03-01T07:00:29.048,2019-03-01T07:00:40.643,,00:29.0,00:29.0,0,450,#N/A,#N/A,00:28:51,1730.881,-1
pert-josh,M3@bmm,4566,433,7991,7,814,NULL,2424251,2424251,2424251,2424248,LIMIT,BUY,1,450,2019-03-01T07:00:40.636,2019-03-01T07:00:40.643,,00:40.6,00:40.6,1,450,450,0,00:29:02,1742.469,1
pert-josh,M7@bmm,4570,433,7991,7,814,NULL,2424252,2424252,2424252,2424255,LIMIT,BUY,1,450,2019-03-01T07:00:41.075,2019-03-01T07:01:01.525,,00:41.1,00:41.1,0,450,#N/A,#N/A,00:29:03,1742.908,1
pert-josh,M6@bmm,4569,433,7991,7,814,NULL,2424253,2424253,2424253,2424256,LIMIT,BUY,1,450,2019-03-01T07:00:42.438,2019-03-01T07:01:05.778,,00:42.4,00:42.4,0,450,#N/A,#N/A,00:29:04,1744.271,1
pert-josh,M1@bmm,4564,433,7991,7,814,NULL,2424255,2424255,2424255,2424252,LIMIT,SELL,1,450,2019-03-01T07:01:01.519,2019-03-01T07:01:01.525,,01:01.5,01:01.5,1,450,450,0,00:29:23,1763.352,-1
pert-josh,M1@bmm,4564,433,7991,7,814,NULL,2424256,2424256,2424256,2424253,LIMIT,SELL,1,450,2019-03-01T07:01:05.772,2019-03-01T07:01:05.778,,01:05.8,01:05.8,1,450,450,0,00:29:28,1767.605,-1
pert-josh,M3@bmm,4566,433,7991,7,814,NULL,2424257,2424257,2424257,2424259,LIMIT,BUY,1,450,2019-03-01T07:01:11.115,2019-03-01T07:01:13.526,,01:11.1,01:11.1,0,450,#N/A,#N/A,00:29:33,1772.948,1
pert-josh,M4@bmm,4567,433,7991,7,814,NULL,2424259,2424259,2424259,2424257,LIMIT,SELL,1,450,2019-03-01T07:01:13.519,2019-03-01T07:01:13.526,,01:13.5,01:13.5,1,450,450,0,00:29:35,1775.352,-1
pert-josh,M8@bmm,4571,433,7991,7,814,NULL,2424261,2424261,2424261,NULL,LIMIT,BUY,1,450,2019-03-01T07:01:24.843,2019-03-01T07:01:24.846,,01:24.8,01:24.8,0,450,#N/A,#N/A,00:29:47,1786.676,1
pert-josh,M3@bmm,4566,433,7991,7,814,NULL,2424262,2424262,2424262,NULL,LIMIT,SELL,1,455,2019-03-01T07:01:25.793,2019-03-01T07:01:25.796,,01:25.8,01:25.8,0,450,#N/A,#N/A,00:29:48,1787.626,-1
pert-josh,M6@bmm,4569,433,7991,7,814,NULL,2424263,2424263,2424263,2424264,LIMIT,SELL,1,450,2019-03-01T07:01:38.585,2019-03-01T07:01:38.598,,01:38.6,01:38.6,0,450,#N/A,#N/A,00:30:00,1800.418,-1
pert-josh,M2@bmm,4565,433,7991,7,814,NULL,2424264,2424258,2424258,2424263,LIMIT,BUY,1,450,2019-03-01T07:01:38.592,2019-03-01T07:01:38.598,,01:38.6,01:38.6,1,450,450,0,00:30:00,1800.425,1
pert-josh,M2@bmm,4565,433,7991,7,814,NULL,2424265,2424258,2424258,NULL,LIMIT,BUY,1,450,2019-03-01T07:01:13.465,2019-03-01T07:01:38.598,,01:13.5,01:13.5,0,450,#N/A,#N/A,00:29:35,1775.298,1
pert-josh,M6@bmm,4569,433,7992,8,814,NULL,2424266,2424266,2424266,NULL,LIMIT,BUY,2,275,2019-03-01T07:02:29.008,2019-03-01T07:02:29.012,,02:29.0,02:29.0,0,400,#N/A,#N/A,00:30:51,1850.841,1
pert-josh,M3@bmm,4566,433,7992,8,814,NULL,2424267,2424267,2424267,2424272,LIMIT,SELL,1,430,2019-03-01T07:02:29.018,2019-03-01T07:02:32.141,,02:29.0,02:29.0,0,400,#N/A,#N/A,00:30:51,1850.851,-1
pert-josh,M6@bmm,4569,433,7992,8,814,NULL,2424270,2424270,2424270,NULL,LIMIT,BUY,2,275,2019-03-01T07:02:29.503,2019-03-01T07:02:29.506,,02:29.5,02:29.5,0,400,#N/A,#N/A,00:30:51,1851.336,1
pert-josh,M8@bmm,4571,433,7992,8,814,NULL,2424272,2424271,2424271,2424267,LIMIT,BUY,1,430,2019-03-01T07:02:32.137,2019-03-01T07:02:32.141,,02:32.1,02:32.1,1,400,430,30,00:30:54,1853.97,1
pert-josh,M4@bmm,4567,433,7992,8,814,NULL,2424273,2424273,2424273,2424275,LIMIT,SELL,1,405,2019-03-01T07:02:34.452,2019-03-01T07:02:36.675,,02:34.5,02:34.5,0,400,#N/A,#N/A,00:30:56,1856.285,-1
pert-josh,M2@bmm,4565,433,7992,8,814,NULL,2424275,2424274,2424274,2424273,LIMIT,BUY,1,405,2019-03-01T07:02:36.671,2019-03-01T07:02:36.675,,02:36.7,02:36.7,1,400,405,5,00:30:59,1858.504,1
pert-josh,M4@bmm,4567,433,7992,8,814,NULL,2424276,2424276,2424276,2424278,LIMIT,SELL,1,410,2019-03-01T07:02:36.961,2019-03-01T07:02:39.035,,02:37.0,02:37.0,0,400,#N/A,#N/A,00:30:59,1858.794,-1
pert-josh,M2@bmm,4565,433,7992,8,814,NULL,2424278,2424277,2424277,2424276,LIMIT,BUY,1,410,2019-03-01T07:02:39.031,2019-03-01T07:02:39.035,,02:39.0,02:39.0,1,400,410,10,00:31:01,1860.864,1
pert-josh,M2@bmm,4565,433,7992,8,814,NULL,2424279,2424279,2424279,2424283,LIMIT,BUY,1,500,2019-03-01T07:02:41.548,2019-03-01T07:02:48.060,,02:41.5,02:41.5,0,400,#N/A,#N/A,00:31:03,1863.381,1
pert-josh,M6@bmm,4569,433,7992,8,814,NULL,2424280,2424280,2424280,NULL,LIMIT,BUY,2,390,2019-03-01T07:02:42.855,2019-03-01T07:02:42.858,,02:42.9,02:42.9,0,400,#N/A,#N/A,00:31:05,1864.688,1
pert-josh,M4@bmm,4567,433,7992,8,814,NULL,2424281,2424281,2424281,NULL,LIMIT,BUY,1,395,2019-03-01T07:02:44.540,2019-03-01T07:02:44.543,,02:44.5,02:44.5,0,400,#N/A,#N/A,00:31:06,1866.373,1
pert-josh,M6@bmm,4569,433,7992,8,814,NULL,2424283,2424282,2424282,2424279,LIMIT,SELL,1,500,2019-03-01T07:02:48.055,2019-03-01T07:02:48.061,,02:48.1,02:48.1,1,400,500,100,00:31:10,1869.888,-1
pert-josh,M6@bmm,4569,433,7992,8,814,NULL,2424284,2424282,2424282,2424288,LIMIT,SELL,1,490,2019-03-01T07:02:48.049,2019-03-01T07:02:53.127,,02:48.0,02:48.0,0,400,#N/A,#N/A,00:31:10,1869.882,-1
pert-josh,M7@bmm,4570,433,7992,8,814,NULL,2424288,2424287,2424287,2424284,LIMIT,BUY,1,490,2019-03-01T07:02:53.123,2019-03-01T07:02:53.127,,02:53.1,02:53.1,1,400,490,90,00:31:15,1874.956,1
pert-josh,M7@bmm,4570,433,7992,8,814,NULL,2424291,2424290,2424290,2424292,LIMIT,BUY,1,490,2019-03-01T07:02:55.938,2019-03-01T07:02:55.947,,02:55.9,02:55.9,0,400,#N/A,#N/A,00:31:18,1877.771,1
pert-josh,M6@bmm,4569,433,7992,8,814,NULL,2424292,2424289,2424289,2424291,LIMIT,SELL,1,490,2019-03-01T07:02:55.940,2019-03-01T07:02:55.947,,02:55.9,02:55.9,1,400,490,90,00:31:18,1877.773,-1
pert-josh,M6@bmm,4569,433,7992,8,814,NULL,2424293,2424289,2424289,2424296,LIMIT,SELL,1,490,2019-03-01T07:02:55.015,2019-03-01T07:03:02.177,,02:55.0,02:55.0,0,400,#N/A,#N/A,00:31:17,1876.848,-1
pert-josh,M6@bmm,4569,433,7992,8,814,NULL,2424294,2424294,2424294,2424297,LIMIT,SELL,2,490,2019-03-01T07:02:57.776,2019-03-01T07:03:02.177,,02:57.8,02:57.8,0,400,#N/A,#N/A,00:31:20,1879.609,-1
pert-josh,M2@bmm,4565,433,7992,8,814,NULL,2424296,2424295,2424295,2424293,LIMIT,BUY,1,490,2019-03-01T07:03:02.169,2019-03-01T07:03:02.177,,03:02.2,03:02.2,1,400,490,90,00:31:24,1884.002,1
pert-josh,M2@bmm,4565,433,7992,8,814,NULL,2424297,2424295,2424295,2424294,LIMIT,BUY,2,490,2019-03-01T07:03:02.173,2019-03-01T07:03:02.177,,03:02.2,03:02.2,1,400,490,90,00:31:24,1884.006,1
pert-josh,M2@bmm,4565,433,7992,8,814,NULL,2424298,2424298,2424298,NULL,LIMIT,SELL,3,500,2019-03-01T07:03:04.299,2019-03-01T07:03:04.302,,03:04.3,03:04.3,0,400,#N/A,#N/A,00:31:26,1886.132,-1
pert-josh,M3@bmm,4566,433,7992,8,814,NULL,2424302,2424302,2424302,2424318,LIMIT,SELL,1,485,2019-03-01T07:03:09.890,2019-03-01T07:03:34.199,,03:09.9,03:09.9,0,400,#N/A,#N/A,00:31:32,1891.723,-1
pert-josh,M7@bmm,4570,433,7992,8,814,NULL,2424303,2424303,2424303,NULL,LIMIT,SELL,1,510,2019-03-01T07:03:11.552,2019-03-01T07:03:11.555,,03:11.6,03:11.6,0,400,#N/A,#N/A,00:31:33,1893.385,-1
pert-josh,M4@bmm,4567,433,7992,8,814,NULL,2424305,2424305,2424305,2424315,LIMIT,SELL,1,480,2019-03-01T07:03:15.096,2019-03-01T07:03:31.508,,03:15.1,03:15.1,0,400,#N/A,#N/A,00:31:37,1896.929,-1
pert-josh,M3@bmm,4566,433,7992,8,814,NULL,2424306,2424306,2424306,2424314,LIMIT,SELL,1,475,2019-03-01T07:03:21.131,2019-03-01T07:03:31.508,,03:21.1,03:21.1,0,400,#N/A,#N/A,00:31:43,1902.964,-1
pert-josh,M4@bmm,4567,433,7992,8,814,NULL,2424308,2424308,2424308,2424311,LIMIT,SELL,1,470,2019-03-01T07:03:23.790,2019-03-01T07:03:29.208,,03:23.8,03:23.8,0,400,#N/A,#N/A,00:31:46,1905.623,-1
pert-josh,M2@bmm,4565,433,7992,8,814,NULL,2424311,2424310,2424310,2424308,LIMIT,BUY,1,470,2019-03-01T07:03:29.202,2019-03-01T07:03:29.208,,03:29.2,03:29.2,1,400,470,70,00:31:51,1911.035,1
pert-josh,M6@bmm,4569,433,7992,8,814,NULL,2424314,2424313,2424313,2424306,LIMIT,BUY,1,475,2019-03-01T07:03:31.500,2019-03-01T07:03:31.508,,03:31.5,03:31.5,1,400,475,75,00:31:53,1913.333,1
