account,email,owner,marketplace,session,period,market,target,order,original,supplier,consumer,type,side,units,price,createdDate,lastModifiedDate,16. just time,17. just second,,trade,fair value,trade price,mispricing,time mins,time secs,buy/sell
pert-josh,M6@bmm,6,288,6557,1,567,NULL,1252084,1252084,1252084,1252087,LIMIT,SELL,1,685,2018-08-24T07:41:58.002,2018-08-24T07:42:10.591,,41:58.0,07:41:58,0,750,#N/A,#N/A,00:00:00,0,-1
pert-josh,M7@bmm,7,288,6557,1,567,NULL,1252087,1252087,1252087,1252084,LIMIT,BUY,1,685,2018-08-24T07:42:10.586,2018-08-24T07:42:10.591,,42:10.6,07:42:10,1,750,685,-65,00:00:13,12.584,1
pert-josh,M6@bmm,6,288,6557,1,567,NULL,1252088,1252088,1252088,NULL,LIMIT,BUY,1,365,2018-08-24T07:42:10.796,2018-08-24T07:42:10.798,,42:10.8,07:42:10,0,750,#N/A,#N/A,00:00:13,12.794,1
pert-josh,M3@bmm,3,288,6557,1,567,NULL,1252089,1252089,1252089,NULL,LIMIT,BUY,1,500,2018-08-24T07:42:10.902,2018-08-24T07:42:10.904,,42:10.9,07:42:10,0,750,#N/A,#N/A,00:00:13,12.9,1
pert-josh,M8@bmm,8,288,6557,1,567,NULL,1252090,1252090,1252090,1252093,LIMIT,SELL,1,605,2018-08-24T07:42:11.726,2018-08-24T07:42:15.736,,42:11.7,07:42:11,0,750,#N/A,#N/A,00:00:14,13.724,-1
pert-josh,M4@bmm,4,288,6557,1,567,NULL,1252092,1252092,1252092,0,LIMIT,BUY,1,700,2018-08-24T07:42:15.729,2018-08-24T07:42:15.735,,42:15.7,07:42:15,0,750,#N/A,#N/A,00:00:18,17.727,1
pert-josh,M4@bmm,4,288,6557,1,567,NULL,1252093,1252092,1252092,1252090,LIMIT,BUY,1,605,2018-08-24T07:42:15.733,2018-08-24T07:42:15.736,,42:15.7,07:42:15,1,750,605,-145,00:00:18,17.731,1
pert-josh,M2@bmm,2,288,6557,1,567,NULL,1252094,1252094,1252094,1252170,LIMIT,SELL,1,765,2018-08-24T07:42:17.127,2018-08-24T07:43:27.810,,42:17.1,07:42:17,0,750,#N/A,#N/A,00:00:19,19.125,-1
pert-josh,M2@bmm,2,288,6557,1,567,NULL,1252096,1252096,1252096,1252127,LIMIT,SELL,1,765,2018-08-24T07:42:17.605,2018-08-24T07:42:45.578,,42:17.6,07:42:17,0,750,#N/A,#N/A,00:00:20,19.603,-1
pert-josh,M1@bmm,1,288,6557,1,567,NULL,1252098,1252098,1252098,1252117,LIMIT,SELL,1,700,2018-08-24T07:42:18.538,2018-08-24T07:42:33.832,,42:18.5,07:42:18,0,750,#N/A,#N/A,00:00:21,20.536,-1
pert-josh,M3@bmm,3,288,6557,1,567,NULL,1252100,1252100,1252100,1252102,LIMIT,SELL,1,665,2018-08-24T07:42:21.748,2018-08-24T07:42:21.938,,42:21.7,07:42:21,0,750,#N/A,#N/A,00:00:24,23.746,-1
pert-josh,M4@bmm,4,288,6557,1,567,NULL,1252101,1252101,1252101,0,LIMIT,BUY,1,700,2018-08-24T07:42:21.931,2018-08-24T07:42:21.938,,42:21.9,07:42:21,0,750,#N/A,#N/A,00:00:24,23.929,1
pert-josh,M4@bmm,4,288,6557,1,567,NULL,1252102,1252101,1252101,1252100,LIMIT,BUY,1,665,2018-08-24T07:42:21.935,2018-08-24T07:42:21.938,,42:21.9,07:42:21,1,750,665,-85,00:00:24,23.933,1
pert-josh,M6@bmm,6,288,6557,1,567,NULL,1252103,1252103,1252103,NULL,LIMIT,BUY,1,295,2018-08-24T07:42:22.140,2018-08-24T07:42:22.142,,42:22.1,07:42:22,0,750,#N/A,#N/A,00:00:24,24.138,1
pert-josh,M6@bmm,6,288,6557,1,567,NULL,1252107,1252107,1252107,1252142,LIMIT,SELL,1,735,2018-08-24T07:42:29.429,2018-08-24T07:43:05.370,,42:29.4,07:42:29,0,750,#N/A,#N/A,00:00:31,31.427,-1
pert-josh,M5@bmm,5,288,6557,1,567,NULL,1252110,1252110,1252110,NULL,LIMIT,BUY,1,500,2018-08-24T07:42:30.290,2018-08-24T07:42:30.293,,42:30.3,07:42:30,0,750,#N/A,#N/A,00:00:32,32.288,1
pert-josh,M3@bmm,3,288,6557,1,567,NULL,1252111,1252111,1252111,1252115,LIMIT,SELL,1,665,2018-08-24T07:42:31.027,2018-08-24T07:42:31.729,,42:31.0,07:42:31,0,750,#N/A,#N/A,00:00:33,33.025,-1
pert-josh,M4@bmm,4,288,6557,1,567,NULL,1252114,1252114,1252114,0,LIMIT,BUY,1,700,2018-08-24T07:42:31.722,2018-08-24T07:42:31.729,,42:31.7,07:42:31,0,750,#N/A,#N/A,00:00:34,33.72,1
pert-josh,M4@bmm,4,288,6557,1,567,NULL,1252115,1252114,1252114,1252111,LIMIT,BUY,1,665,2018-08-24T07:42:31.726,2018-08-24T07:42:31.729,,42:31.7,07:42:31,1,750,665,-85,00:00:34,33.724,1
pert-josh,M4@bmm,4,288,6557,1,567,NULL,1252117,1252117,1252117,1252098,LIMIT,BUY,1,700,2018-08-24T07:42:33.828,2018-08-24T07:42:33.832,,42:33.8,07:42:33,1,750,700,-50,00:00:36,35.826,1
pert-josh,M8@bmm,8,288,6557,1,567,NULL,1252118,1252118,1252118,1252214,LIMIT,BUY,1,515,2018-08-24T07:42:35.285,2018-08-24T07:44:40.578,,42:35.3,07:42:35,0,750,#N/A,#N/A,00:00:37,37.283,1
pert-josh,M3@bmm,3,288,6557,1,567,NULL,1252119,1252119,1252119,1252129,LIMIT,SELL,1,715,2018-08-24T07:42:39.398,2018-08-24T07:42:49.952,,42:39.4,07:42:39,0,750,#N/A,#N/A,00:00:41,41.396,-1
pert-josh,M7@bmm,7,288,6557,1,567,NULL,1252120,1252120,1252120,1252243,LIMIT,BUY,1,690,2018-08-24T07:42:39.570,2018-08-24T07:45:30.344,,42:39.6,07:42:39,0,750,#N/A,#N/A,00:00:42,41.568,1
pert-josh,M4@bmm,4,288,6557,1,567,NULL,1252121,1252121,1252121,1252123,LIMIT,BUY,1,700,2018-08-24T07:42:40.011,2018-08-24T07:42:43.975,,42:40.0,07:42:40,0,750,#N/A,#N/A,00:00:42,42.009,1
pert-josh,M7@bmm,7,288,6557,1,567,NULL,1252122,1252122,1252122,1252250,LIMIT,BUY,1,700,2018-08-24T07:42:43.795,2018-08-24T07:45:40.800,,42:43.8,07:42:43,0,750,#N/A,#N/A,00:00:46,45.793,1
pert-josh,M2@bmm,2,288,6557,1,567,NULL,1252123,1252123,1252123,1252121,LIMIT,SELL,1,700,2018-08-24T07:42:43.970,2018-08-24T07:42:43.975,,42:44.0,07:42:43,1,750,700,-50,00:00:46,45.968,-1
pert-josh,M4@bmm,4,288,6557,1,567,NULL,1252124,1252124,1252124,NULL,LIMIT,BUY,1,700,2018-08-24T07:42:44.211,2018-08-24T07:42:44.213,,42:44.2,07:42:44,0,750,#N/A,#N/A,00:00:46,46.209,1
pert-josh,M5@bmm,5,288,6557,1,567,NULL,1252125,1252125,1252125,NULL,LIMIT,SELL,1,765,2018-08-24T07:42:45.080,2018-08-24T07:42:45.082,,42:45.1,07:42:45,0,750,#N/A,#N/A,00:00:47,47.078,-1
pert-josh,M7@bmm,7,288,6557,1,567,NULL,1252126,1252126,1252126,1252130,LIMIT,BUY,1,705,2018-08-24T07:42:45.490,2018-08-24T07:42:50.898,,42:45.5,07:42:45,0,750,#N/A,#N/A,00:00:47,47.488,1
pert-josh,M2@bmm,2,288,6557,1,567,NULL,1252127,1252096,1252096,1252096,CANCEL,SELL,1,765,2018-08-24T07:42:45.573,2018-08-24T07:42:45.577,,42:45.6,07:42:45,0,750,#N/A,#N/A,00:00:48,47.571,-1
pert-josh,M1@bmm,1,288,6557,1,567,NULL,1252128,1252128,1252128,1252132,LIMIT,SELL,1,720,2018-08-24T07:42:47.635,2018-08-24T07:42:54.567,,42:47.6,07:42:47,0,750,#N/A,#N/A,00:00:50,49.633,-1
pert-josh,M4@bmm,4,288,6557,1,567,NULL,1252129,1252129,1252129,1252119,LIMIT,BUY,1,715,2018-08-24T07:42:49.947,2018-08-24T07:42:49.952,,42:49.9,07:42:49,1,750,715,-35,00:00:52,51.945,1
pert-josh,M6@bmm,6,288,6557,1,567,NULL,1252130,1252130,1252130,1252126,LIMIT,SELL,1,705,2018-08-24T07:42:50.893,2018-08-24T07:42:50.897,,42:50.9,07:42:50,1,750,705,-45,00:00:53,52.891,-1
pert-josh,M4@bmm,4,288,6557,1,567,NULL,1252131,1252131,1252131,0,LIMIT,BUY,1,730,2018-08-24T07:42:54.559,2018-08-24T07:42:54.567,,42:54.6,07:42:54,0,750,#N/A,#N/A,00:00:57,56.557,1
pert-josh,M4@bmm,4,288,6557,1,567,NULL,1252132,1252131,1252131,1252128,LIMIT,BUY,1,720,2018-08-24T07:42:54.564,2018-08-24T07:42:54.567,,42:54.6,07:42:54,1,750,720,-30,00:00:57,56.562,1
pert-josh,M1@bmm,1,288,6557,1,567,NULL,1252134,1252134,1252134,NULL,LIMIT,BUY,1,710,2018-08-24T07:42:56.218,2018-08-24T07:42:56.221,,42:56.2,07:42:56,0,750,#N/A,#N/A,00:00:58,58.216,1
pert-josh,M6@bmm,6,288,6557,1,567,NULL,1252135,1252135,1252135,NULL,LIMIT,SELL,1,810,2018-08-24T07:42:58.982,2018-08-24T07:42:58.984,,42:59.0,07:42:58,0,750,#N/A,#N/A,00:01:01,60.98,-1
pert-josh,M5@bmm,5,288,6557,1,567,NULL,1252136,1252136,1252136,1252145,LIMIT,SELL,1,735,2018-08-24T07:43:00.016,2018-08-24T07:43:08.559,,43:00.0,07:43:00,0,750,#N/A,#N/A,00:01:02,62.014,-1
pert-josh,M7@bmm,7,288,6557,1,567,NULL,1252137,1252137,1252137,1252266,LIMIT,SELL,1,755,2018-08-24T07:43:01.324,2018-08-24T07:46:20.826,,43:01.3,07:43:01,0,750,#N/A,#N/A,00:01:03,63.322,-1
pert-josh,M1@bmm,1,288,6557,1,567,NULL,1252138,1252138,1252138,1252141,LIMIT,SELL,1,725,2018-08-24T07:43:02.788,2018-08-24T07:43:04.572,,43:02.8,07:43:02,0,750,#N/A,#N/A,00:01:05,64.786,-1
pert-josh,M7@bmm,7,288,6557,1,567,NULL,1252139,1252139,1252139,1252265,LIMIT,SELL,1,755,2018-08-24T07:43:03.155,2018-08-24T07:46:19.166,,43:03.2,07:43:03,0,750,#N/A,#N/A,00:01:05,65.153,-1
pert-josh,M4@bmm,4,288,6557,1,567,NULL,1252140,1252140,1252140,0,LIMIT,BUY,1,735,2018-08-24T07:43:04.564,2018-08-24T07:43:04.572,,43:04.6,07:43:04,0,750,#N/A,#N/A,00:01:07,66.562,1
pert-josh,M4@bmm,4,288,6557,1,567,NULL,1252141,1252140,1252140,1252138,LIMIT,BUY,1,725,2018-08-24T07:43:04.569,2018-08-24T07:43:04.572,,43:04.6,07:43:04,1,750,725,-25,00:01:07,66.567,1
pert-josh,M8@bmm,8,288,6557,1,567,NULL,1252142,1252142,1252142,1252107,LIMIT,BUY,1,735,2018-08-24T07:43:05.366,2018-08-24T07:43:05.370,,43:05.4,07:43:05,1,750,735,-15,00:01:07,67.364,1
pert-josh,M3@bmm,3,288,6557,1,567,NULL,1252143,1252143,1252143,1252158,LIMIT,BUY,1,725,2018-08-24T07:43:07.173,2018-08-24T07:43:19.141,,43:07.2,07:43:07,0,750,#N/A,#N/A,00:01:09,69.171,1
pert-josh,M6@bmm,6,288,6557,1,567,NULL,1252144,1252144,1252144,1252242,LIMIT,BUY,1,515,2018-08-24T07:43:07.348,2018-08-24T07:45:28.843,,43:07.3,07:43:07,0,750,#N/A,#N/A,00:01:09,69.346,1
pert-josh,M4@bmm,4,288,6557,1,567,NULL,1252145,1252145,1252145,1252136,LIMIT,BUY,1,735,2018-08-24T07:43:08.555,2018-08-24T07:43:08.559,,43:08.6,07:43:08,1,750,735,-15,00:01:11,70.553,1
pert-josh,M3@bmm,3,288,6557,1,567,NULL,1252146,1252146,1252146,1252150,LIMIT,SELL,1,730,2018-08-24T07:43:10.412,2018-08-24T07:43:14.138,,43:10.4,07:43:10,0,750,#N/A,#N/A,00:01:12,72.41,-1
pert-josh,M4@bmm,4,288,6557,1,567,NULL,1252149,1252149,1252149,0,LIMIT,BUY,1,735,2018-08-24T07:43:14.131,2018-08-24T07:43:14.138,,43:14.1,07:43:14,0,750,#N/A,#N/A,00:01:16,76.129,1
pert-josh,M4@bmm,4,288,6557,1,567,NULL,1252150,1252149,1252149,1252146,LIMIT,BUY,1,730,2018-08-24T07:43:14.135,2018-08-24T07:43:14.138,,43:14.1,07:43:14,1,750,730,-20,00:01:16,76.133,1
pert-josh,M2@bmm,2,288,6557,1,567,NULL,1252151,1252151,1252151,1252156,LIMIT,SELL,1,730,2018-08-24T07:43:16.569,2018-08-24T07:43:18.805,,43:16.6,07:43:16,0,750,#N/A,#N/A,00:01:19,78.567,-1
pert-josh,M2@bmm,2,288,6557,1,567,NULL,1252152,1252152,1252152,1252163,LIMIT,SELL,1,730,2018-08-24T07:43:16.802,2018-08-24T07:43:21.982,,43:16.8,07:43:16,0,750,#N/A,#N/A,00:01:19,78.8,-1
pert-josh,M3@bmm,3,288,6557,1,567,NULL,1252154,1252154,1252154,1252182,LIMIT,SELL,1,745,2018-08-24T07:43:18.308,2018-08-24T07:43:47.838,,43:18.3,07:43:18,0,750,#N/A,#N/A,00:01:20,80.306,-1
pert-josh,M4@bmm,4,288,6557,1,567,NULL,1252155,1252155,1252155,0,LIMIT,BUY,1,735,2018-08-24T07:43:18.796,2018-08-24T07:43:18.805,,43:18.8,07:43:18,0,750,#N/A,#N/A,00:01:21,80.794,1
pert-josh,M4@bmm,4,288,6557,1,567,NULL,1252156,1252155,1252155,1252151,LIMIT,BUY,1,730,2018-08-24T07:43:18.801,2018-08-24T07:43:18.806,,43:18.8,07:43:18,1,750,730,-20,00:01:21,80.799,1
pert-josh,M6@bmm,6,288,6557,1,567,NULL,1252157,1252157,1252157,0,LIMIT,SELL,1,715,2018-08-24T07:43:19.134,2018-08-24T07:43:19.141,,43:19.1,07:43:19,0,750,#N/A,#N/A,00:01:21,81.132,-1
pert-josh,M6@bmm,6,288,6557,1,567,NULL,1252158,1252157,1252157,1252143,LIMIT,SELL,1,725,2018-08-24T07:43:19.138,2018-08-24T07:43:19.141,,43:19.1,07:43:19,1,750,725,-25,00:01:21,81.136,-1
pert-josh,M4@bmm,4,288,6557,1,567,NULL,1252162,1252162,1252162,0,LIMIT,BUY,1,735,2018-08-24T07:43:21.972,2018-08-24T07:43:21.982,,43:22.0,07:43:21,0,750,#N/A,#N/A,00:01:24,83.97,1
pert-josh,M4@bmm,4,288,6557,1,567,NULL,1252163,1252162,1252162,1252152,LIMIT,BUY,1,730,2018-08-24T07:43:21.977,2018-08-24T07:43:21.982,,43:22.0,07:43:21,1,750,730,-20,00:01:24,83.975,1
pert-josh,M1@bmm,1,288,6557,1,567,NULL,1252165,1252165,1252165,1252262,LIMIT,BUY,1,715,2018-08-24T07:43:23.475,2018-08-24T07:46:11.065,,43:23.5,07:43:23,0,750,#N/A,#N/A,00:01:25,85.473,1
pert-josh,M3@bmm,3,288,6557,1,567,NULL,1252167,1252167,1252167,1252172,LIMIT,BUY,1,730,2018-08-24T07:43:24.221,2018-08-24T07:43:28.741,,43:24.2,07:43:24,0,750,#N/A,#N/A,00:01:26,86.219,1
pert-josh,M7@bmm,7,288,6557,1,567,NULL,1252168,1252168,1252168,1252185,LIMIT,BUY,1,725,2018-08-24T07:43:24.588,2018-08-24T07:43:48.310,,43:24.6,07:43:24,0,750,#N/A,#N/A,00:01:27,86.586,1
pert-josh,M2@bmm,2,288,6557,1,567,NULL,1252170,1252094,1252094,1252094,CANCEL,SELL,1,765,2018-08-24T07:43:27.806,2018-08-24T07:43:27.810,,43:27.8,07:43:27,0,750,#N/A,#N/A,00:01:30,89.804,-1
pert-josh,M2@bmm,2,288,6557,1,567,NULL,1252172,1252172,1252172,1252167,LIMIT,SELL,1,730,2018-08-24T07:43:28.736,2018-08-24T07:43:28.741,,43:28.7,07:43:28,1,750,730,-20,00:01:31,90.734,-1
pert-josh,M4@bmm,4,288,6557,1,567,NULL,1252174,1252174,1252174,1252176,LIMIT,BUY,1,735,2018-08-24T07:43:31.132,2018-08-24T07:43:32.806,,43:31.1,07:43:31,0,750,#N/A,#N/A,00:01:33,93.13,1
pert-josh,M8@bmm,8,288,6557,1,567,NULL,1252175,1252175,1252175,0,LIMIT,SELL,1,720,2018-08-24T07:43:32.799,2018-08-24T07:43:32.806,,43:32.8,07:43:32,0,750,#N/A,#N/A,00:01:35,94.797,-1
pert-josh,M8@bmm,8,288,6557,1,567,NULL,1252176,1252175,1252175,1252174,LIMIT,SELL,1,735,2018-08-24T07:43:32.803,2018-08-24T07:43:32.806,,43:32.8,07:43:32,1,750,735,-15,00:01:35,94.801,-1
pert-josh,M5@bmm,5,288,6557,1,567,NULL,1252177,1252177,1252177,NULL,LIMIT,BUY,1,380,2018-08-24T07:43:34.089,2018-08-24T07:43:34.091,,43:34.1,07:43:34,0,750,#N/A,#N/A,00:01:36,96.087,1
pert-josh,M1@bmm,1,288,6557,1,567,NULL,1252178,1252178,1252178,1252180,LIMIT,SELL,1,735,2018-08-24T07:43:36.164,2018-08-24T07:43:39.897,,43:36.2,07:43:36,0,750,#N/A,#N/A,00:01:38,98.162,-1
pert-josh,M7@bmm,7,288,6557,1,567,NULL,1252179,1252179,1252179,1252258,LIMIT,SELL,1,760,2018-08-24T07:43:36.707,2018-08-24T07:46:01.969,,43:36.7,07:43:36,0,750,#N/A,#N/A,00:01:39,98.705,-1
pert-josh,M4@bmm,4,288,6557,1,567,NULL,1252180,1252180,1252180,1252178,LIMIT,BUY,1,735,2018-08-24T07:43:39.893,2018-08-24T07:43:39.897,,43:39.9,07:43:39,1,750,735,-15,00:01:42,101.891,1
pert-josh,M5@bmm,5,288,6557,1,567,NULL,1252181,1252181,1252181,1252187,LIMIT,SELL,1,745,2018-08-24T07:43:44.402,2018-08-24T07:43:50.041,,43:44.4,07:43:44,0,750,#N/A,#N/A,00:01:46,106.4,-1
pert-josh,M4@bmm,4,288,6557,1,567,NULL,1252182,1252182,1252182,1252154,LIMIT,BUY,1,745,2018-08-24T07:43:47.830,2018-08-24T07:43:47.838,,43:47.8,07:43:47,1,750,745,-5,00:01:50,109.828,1
pert-josh,M6@bmm,6,288,6557,1,567,NULL,1252183,1252183,1252183,NULL,LIMIT,SELL,1,755,2018-08-24T07:43:47.989,2018-08-24T07:43:47.992,,43:48.0,07:43:47,0,750,#N/A,#N/A,00:01:50,109.987,-1
pert-josh,M8@bmm,8,288,6557,1,567,NULL,1252184,1252184,1252184,0,LIMIT,SELL,1,720,2018-08-24T07:43:48.302,2018-08-24T07:43:48.310,,43:48.3,07:43:48,0,750,#N/A,#N/A,00:01:50,110.3,-1
pert-josh,M8@bmm,8,288,6557,1,567,NULL,1252185,1252184,1252184,1252168,LIMIT,SELL,1,725,2018-08-24T07:43:48.307,2018-08-24T07:43:48.310,,43:48.3,07:43:48,1,750,725,-25,00:01:50,110.305,-1
pert-josh,M3@bmm,3,288,6557,1,567,NULL,1252186,1252186,1252186,NULL,LIMIT,SELL,1,750,2018-08-24T07:43:49.924,2018-08-24T07:43:49.926,,43:49.9,07:43:49,0,750,#N/A,#N/A,00:01:52,111.922,-1
pert-josh,M7@bmm,7,288,6557,1,567,NULL,1252187,1252187,1252187,1252181,LIMIT,BUY,1,745,2018-08-24T07:43:50.035,2018-08-24T07:43:50.041,,43:50.0,07:43:50,1,750,745,-5,00:01:52,112.033,1
pert-josh,M7@bmm,7,288,6557,1,567,NULL,1252188,1252188,1252188,1252194,LIMIT,BUY,1,735,2018-08-24T07:43:59.108,2018-08-24T07:44:09.698,,43:59.1,07:43:59,0,750,#N/A,#N/A,00:02:01,121.106,1
pert-josh,M2@bmm,2,288,6557,1,567,NULL,1252189,1252189,1252189,1252190,LIMIT,SELL,1,745,2018-08-24T07:44:00.176,2018-08-24T07:44:02.049,,44:00.2,07:44:00,0,750,#N/A,#N/A,00:02:02,122.174,-1
pert-josh,M4@bmm,4,288,6557,1,567,NULL,1252190,1252190,1252190,1252189,LIMIT,BUY,1,745,2018-08-24T07:44:02.044,2018-08-24T07:44:02.049,,44:02.0,07:44:02,1,750,745,-5,00:02:04,124.042,1
pert-josh,M7@bmm,7,288,6557,1,567,NULL,1252191,1252191,1252191,1252193,LIMIT,BUY,1,740,2018-08-24T07:44:06.188,2018-08-24T07:44:06.473,,44:06.2,07:44:06,0,750,#N/A,#N/A,00:02:08,128.186,1
pert-josh,M8@bmm,8,288,6557,1,567,NULL,1252192,1252192,1252192,0,LIMIT,SELL,1,720,2018-08-24T07:44:06.464,2018-08-24T07:44:06.473,,44:06.5,07:44:06,0,750,#N/A,#N/A,00:02:08,128.462,-1
pert-josh,M8@bmm,8,288,6557,1,567,NULL,1252193,1252192,1252192,1252191,LIMIT,SELL,1,740,2018-08-24T07:44:06.469,2018-08-24T07:44:06.473,,44:06.5,07:44:06,1,750,740,-10,00:02:08,128.467,-1
pert-josh,M3@bmm,3,288,6557,1,567,NULL,1252194,1252194,1252194,1252188,LIMIT,SELL,1,735,2018-08-24T07:44:09.694,2018-08-24T07:44:09.698,,44:09.7,07:44:09,1,750,735,-15,00:02:12,131.692,-1
pert-josh,M3@bmm,3,288,6557,1,567,NULL,1252196,1252196,1252196,1252218,LIMIT,SELL,1,740,2018-08-24T07:44:11.949,2018-08-24T07:44:44.105,,44:11.9,07:44:11,0,750,#N/A,#N/A,00:02:14,133.947,-1
pert-josh,M7@bmm,7,288,6557,1,567,NULL,1252198,1252198,1252198,1252245,LIMIT,BUY,1,730,2018-08-24T07:44:15.315,2018-08-24T07:45:31.896,,44:15.3,07:44:15,0,750,#N/A,#N/A,00:02:17,137.313,1
pert-josh,M2@bmm,2,288,6557,1,567,NULL,1252201,1252201,1252201,1252211,LIMIT,SELL,1,740,2018-08-24T07:44:16.761,2018-08-24T07:44:32.970,,44:16.8,07:44:16,0,750,#N/A,#N/A,00:02:19,138.759,-1
pert-josh,M5@bmm,5,288,6557,1,567,NULL,1252203,1252203,1252203,NULL,LIMIT,BUY,1,525,2018-08-24T07:44:23.658,2018-08-24T07:44:23.660,,44:23.7,07:44:23,0,750,#N/A,#N/A,00:02:26,145.656,1
pert-josh,M6@bmm,6,288,6557,1,567,NULL,1252204,1252204,1252204,1252205,LIMIT,SELL,1,735,2018-08-24T07:44:27.822,2018-08-24T07:44:28.525,,44:27.8,07:44:27,0,750,#N/A,#N/A,00:02:30,149.82,-1
pert-josh,M8@bmm,8,288,6557,1,567,NULL,1252205,1252205,1252205,1252204,LIMIT,BUY,1,735,2018-08-24T07:44:28.519,2018-08-24T07:44:28.524,,44:28.5,07:44:28,1,750,735,-15,00:02:31,150.517,1
pert-josh,M4@bmm,4,288,6557,1,567,NULL,1252206,1252206,1252206,NULL,LIMIT,SELL,1,755,2018-08-24T07:44:28.908,2018-08-24T07:44:28.910,,44:28.9,07:44:28,0,750,#N/A,#N/A,00:02:31,150.906,-1
pert-josh,M4@bmm,4,288,6557,1,567,NULL,1252207,1252207,1252207,NULL,LIMIT,SELL,1,755,2018-08-24T07:44:30.491,2018-08-24T07:44:30.493,,44:30.5,07:44:30,0,750,#N/A,#N/A,00:02:32,152.489,-1
pert-josh,M7@bmm,7,288,6557,1,567,NULL,1252208,1252208,1252208,1252210,LIMIT,BUY,1,735,2018-08-24T07:44:30.812,2018-08-24T07:44:31.990,,44:30.8,07:44:30,0,750,#N/A,#N/A,00:02:33,152.81,1
pert-josh,M4@bmm,4,288,6557,1,567,NULL,1252209,1252209,1252209,NULL,LIMIT,SELL,1,755,2018-08-24T07:44:31.197,2018-08-24T07:44:31.199,,44:31.2,07:44:31,0,750,#N/A,#N/A,00:02:33,153.195,-1
pert-josh,M2@bmm,2,288,6557,1,567,NULL,1252210,1252210,1252210,1252208,LIMIT,SELL,1,735,2018-08-24T07:44:31.985,2018-08-24T07:44:31.990,,44:32.0,07:44:31,1,750,735,-15,00:02:34,153.983,-1
pert-josh,M2@bmm,2,288,6557,1,567,NULL,1252211,1252201,1252201,1252201,CANCEL,SELL,1,740,2018-08-24T07:44:32.966,2018-08-24T07:44:32.969,,44:33.0,07:44:32,0,750,#N/A,#N/A,00:02:35,154.964,-1
pert-josh,M5@bmm,5,288,6557,1,567,NULL,1252212,1252212,1252212,1252227,LIMIT,SELL,1,740,2018-08-24T07:44:34.426,2018-08-24T07:45:02.211,,44:34.4,07:44:34,0,750,#N/A,#N/A,00:02:36,156.424,-1
pert-josh,M7@bmm,7,288,6557,1,567,NULL,1252213,1252213,1252213,1252222,LIMIT,BUY,1,735,2018-08-24T07:44:39.028,2018-08-24T07:44:48.836,,44:39.0,07:44:39,0,750,#N/A,#N/A,00:02:41,161.026,1
pert-josh,M8@bmm,8,288,6557,1,567,NULL,1252214,1252118,1252118,1252118,CANCEL,BUY,1,515,2018-08-24T07:44:40.574,2018-08-24T07:44:40.578,,44:40.6,07:44:40,0,750,#N/A,#N/A,00:02:43,162.572,1
pert-josh,M1@bmm,1,288,6557,1,567,NULL,1252215,1252215,1252215,1252235,LIMIT,SELL,1,745,2018-08-24T07:44:40.695,2018-08-24T07:45:16.955,,44:40.7,07:44:40,0,750,#N/A,#N/A,00:02:43,162.693,-1
pert-josh,M2@bmm,2,288,6557,1,567,NULL,1252217,1252217,1252217,1252228,LIMIT,SELL,1,740,2018-08-24T07:44:42.146,2018-08-24T07:45:02.405,,44:42.1,07:44:42,0,750,#N/A,#N/A,00:02:44,164.144,-1
pert-josh,M4@bmm,4,288,6557,1,567,NULL,1252218,1252218,1252218,1252196,LIMIT,BUY,1,740,2018-08-24T07:44:44.100,2018-08-24T07:44:44.105,,44:44.1,07:44:44,1,750,740,-10,00:02:46,166.098,1
pert-josh,M3@bmm,3,288,6557,1,567,NULL,1252220,1252220,1252220,1252264,LIMIT,BUY,1,720,2018-08-24T07:44:46.102,2018-08-24T07:46:15.428,,44:46.1,07:44:46,0,750,#N/A,#N/A,00:02:48,168.1,1
pert-josh,M6@bmm,6,288,6557,1,567,NULL,1252221,1252221,1252221,1252271,LIMIT,BUY,1,720,2018-08-24T07:44:48.822,2018-08-24T07:46:29.186,,44:48.8,07:44:48,0,750,#N/A,#N/A,00:02:51,170.82,1
pert-josh,M3@bmm,3,288,6557,1,567,NULL,1252222,1252222,1252222,1252213,LIMIT,SELL,1,735,2018-08-24T07:44:48.831,2018-08-24T07:44:48.835,,44:48.8,07:44:48,1,750,735,-15,00:02:51,170.829,-1
pert-josh,M7@bmm,7,288,6557,1,567,NULL,1252225,1252225,1252225,1252230,LIMIT,BUY,1,735,2018-08-24T07:44:53.196,2018-08-24T07:45:07.283,,44:53.2,07:44:53,0,750,#N/A,#N/A,00:02:55,175.194,1
pert-josh,M4@bmm,4,288,6557,1,567,NULL,1252227,1252227,1252227,1252212,LIMIT,BUY,1,740,2018-08-24T07:45:02.206,2018-08-24T07:45:02.210,,45:02.2,07:45:02,1,750,740,-10,00:03:04,184.204,1
pert-josh,M2@bmm,2,288,6557,1,567,NULL,1252228,1252217,1252217,1252217,CANCEL,SELL,1,740,2018-08-24T07:45:02.400,2018-08-24T07:45:02.405,,45:02.4,07:45:02,0,750,#N/A,#N/A,00:03:04,184.398,-1
pert-josh,M8@bmm,8,288,6557,1,567,NULL,1252229,1252229,1252229,0,LIMIT,SELL,1,730,2018-08-24T07:45:07.275,2018-08-24T07:45:07.283,,45:07.3,07:45:07,0,750,#N/A,#N/A,00:03:09,189.273,-1
pert-josh,M8@bmm,8,288,6557,1,567,NULL,1252230,1252229,1252229,1252225,LIMIT,SELL,1,735,2018-08-24T07:45:07.280,2018-08-24T07:45:07.284,,45:07.3,07:45:07,1,750,735,-15,00:03:09,189.278,-1
pert-josh,M2@bmm,2,288,6557,1,567,NULL,1252231,1252231,1252231,NULL,LIMIT,SELL,1,750,2018-08-24T07:45:08.258,2018-08-24T07:45:08.260,,45:08.3,07:45:08,0,750,#N/A,#N/A,00:03:10,190.256,-1
pert-josh,M5@bmm,5,288,6557,1,567,NULL,1252232,1252232,1252232,1252273,LIMIT,SELL,1,745,2018-08-24T07:45:13.049,2018-08-24T07:46:32.345,,45:13.0,07:45:13,0,750,#N/A,#N/A,00:03:15,195.047,-1
pert-josh,M4@bmm,4,288,6557,1,567,NULL,1252235,1252235,1252235,1252215,LIMIT,BUY,1,745,2018-08-24T07:45:16.950,2018-08-24T07:45:16.955,,45:16.9,07:45:16,1,750,745,-5,00:03:19,198.948,1
pert-josh,M7@bmm,7,288,6557,1,567,NULL,1252237,1252237,1252237,1252240,LIMIT,BUY,1,735,2018-08-24T07:45:17.939,2018-08-24T07:45:20.455,,45:17.9,07:45:17,0,750,#N/A,#N/A,00:03:20,199.937,1
pert-josh,M8@bmm,8,288,6557,1,567,NULL,1252239,1252239,1252239,0,LIMIT,SELL,1,730,2018-08-24T07:45:20.448,2018-08-24T07:45:20.455,,45:20.4,07:45:20,0,750,#N/A,#N/A,00:03:22,202.446,-1
pert-josh,M8@bmm,8,288,6557,1,567,NULL,1252240,1252239,1252239,1252237,LIMIT,SELL,1,735,2018-08-24T07:45:20.452,2018-08-24T07:45:20.455,,45:20.5,07:45:20,1,750,735,-15,00:03:22,202.45,-1
pert-josh,M5@bmm,5,288,6557,1,567,NULL,1252241,1252241,1252241,NULL,LIMIT,BUY,1,525,2018-08-24T07:45:24.097,2018-08-24T07:45:24.100,,45:24.1,07:45:24,0,750,#N/A,#N/A,00:03:26,206.095,1
pert-josh,M6@bmm,6,288,6557,1,567,NULL,1252242,1252144,1252144,1252144,CANCEL,BUY,1,515,2018-08-24T07:45:28.839,2018-08-24T07:45:28.842,,45:28.8,07:45:28,0,750,#N/A,#N/A,00:03:31,210.837,1
pert-josh,M7@bmm,7,288,6557,1,567,NULL,1252243,1252120,1252120,1252120,CANCEL,BUY,1,690,2018-08-24T07:45:30.340,2018-08-24T07:45:30.344,,45:30.3,07:45:30,0,750,#N/A,#N/A,00:03:32,212.338,1
pert-josh,M8@bmm,8,288,6557,1,567,NULL,1252244,1252244,1252244,0,LIMIT,SELL,1,720,2018-08-24T07:45:31.889,2018-08-24T07:45:31.896,,45:31.9,07:45:31,0,750,#N/A,#N/A,00:03:34,213.887,-1
pert-josh,M8@bmm,8,288,6557,1,567,NULL,1252245,1252244,1252244,1252198,LIMIT,SELL,1,730,2018-08-24T07:45:31.893,2018-08-24T07:45:31.896,,45:31.9,07:45:31,1,750,730,-20,00:03:34,213.891,-1
pert-josh,M3@bmm,3,288,6557,1,567,NULL,1252246,1252246,1252246,1252249,LIMIT,SELL,1,735,2018-08-24T07:45:34.822,2018-08-24T07:45:37.300,,45:34.8,07:45:34,0,750,#N/A,#N/A,00:03:37,216.82,-1
pert-josh,M6@bmm,6,288,6557,1,567,NULL,1252247,1252247,1252247,NULL,LIMIT,BUY,1,490,2018-08-24T07:45:36.976,2018-08-24T07:45:36.978,,45:37.0,07:45:36,0,750,#N/A,#N/A,00:03:39,218.974,1
pert-josh,M7@bmm,7,288,6557,1,567,NULL,1252248,1252248,1252248,0,LIMIT,BUY,1,740,2018-08-24T07:45:37.293,2018-08-24T07:45:37.300,,45:37.3,07:45:37,0,750,#N/A,#N/A,00:03:39,219.291,1
pert-josh,M7@bmm,7,288,6557,1,567,NULL,1252249,1252248,1252248,1252246,LIMIT,BUY,1,735,2018-08-24T07:45:37.297,2018-08-24T07:45:37.300,,45:37.3,07:45:37,1,750,735,-15,00:03:39,219.295,1
pert-josh,M7@bmm,7,288,6557,1,567,NULL,1252250,1252122,1252122,1252122,CANCEL,BUY,1,700,2018-08-24T07:45:40.797,2018-08-24T07:45:40.800,,45:40.8,07:45:40,0,750,#N/A,#N/A,00:03:43,222.795,1
pert-josh,M5@bmm,5,288,6557,1,567,NULL,1252251,1252251,1252251,NULL,LIMIT,SELL,1,745,2018-08-24T07:45:41.689,2018-08-24T07:45:41.691,,45:41.7,07:45:41,0,750,#N/A,#N/A,00:03:44,223.687,-1
pert-josh,M1@bmm,1,288,6557,1,567,NULL,1252252,1252252,1252252,NULL,LIMIT,SELL,1,745,2018-08-24T07:45:44.971,2018-08-24T07:45:44.973,,45:45.0,07:45:44,0,750,#N/A,#N/A,00:03:47,226.969,-1
pert-josh,M7@bmm,7,288,6557,1,567,NULL,1252253,1252253,1252253,1252260,LIMIT,BUY,1,730,2018-08-24T07:45:45.596,2018-08-24T07:46:04.232,,45:45.6,07:45:45,0,750,#N/A,#N/A,00:03:48,227.594,1
pert-josh,M3@bmm,3,288,6557,1,567,NULL,1252254,1252254,1252254,1252257,LIMIT,BUY,1,735,2018-08-24T07:45:46.884,2018-08-24T07:45:53.547,,45:46.9,07:45:46,0,750,#N/A,#N/A,00:03:49,228.882,1
pert-josh,M6@bmm,6,288,6557,1,567,NULL,1252255,1252255,1252255,NULL,LIMIT,BUY,1,405,2018-08-24T07:45:48.633,2018-08-24T07:45:48.635,,45:48.6,07:45:48,0,750,#N/A,#N/A,00:03:51,230.631,1
pert-josh,M8@bmm,8,288,6557,1,567,NULL,1252256,1252256,1252256,0,LIMIT,SELL,1,730,2018-08-24T07:45:53.537,2018-08-24T07:45:53.547,,45:53.5,07:45:53,0,750,#N/A,#N/A,00:03:56,235.535,-1
pert-josh,M8@bmm,8,288,6557,1,567,NULL,1252257,1252256,1252256,1252254,LIMIT,SELL,1,735,2018-08-24T07:45:53.544,2018-08-24T07:45:53.547,,45:53.5,07:45:53,1,750,735,-15,00:03:56,235.542,-1
pert-josh,M7@bmm,7,288,6557,1,567,NULL,1252258,1252179,1252179,1252179,CANCEL,SELL,1,760,2018-08-24T07:46:01.965,2018-08-24T07:46:01.969,,46:02.0,07:46:01,0,750,#N/A,#N/A,00:04:04,243.963,-1
pert-josh,M8@bmm,8,288,6557,1,567,NULL,1252259,1252259,1252259,0,LIMIT,SELL,1,720,2018-08-24T07:46:04.224,2018-08-24T07:46:04.232,,46:04.2,07:46:04,0,750,#N/A,#N/A,00:04:06,246.222,-1
pert-josh,M8@bmm,8,288,6557,1,567,NULL,1252260,1252259,1252259,1252253,LIMIT,SELL,1,730,2018-08-24T07:46:04.229,2018-08-24T07:46:04.232,,46:04.2,07:46:04,1,750,730,-20,00:04:06,246.227,-1
pert-josh,M5@bmm,5,288,6557,1,567,NULL,1252261,1252261,1252261,NULL,LIMIT,SELL,1,810,2018-08-24T07:46:09.762,2018-08-24T07:46:09.765,,46:09.8,07:46:09,0,750,#N/A,#N/A,00:04:12,251.76,-1
pert-josh,M1@bmm,1,288,6557,1,567,NULL,1252262,1252165,1252165,1252165,CANCEL,BUY,1,715,2018-08-24T07:46:11.061,2018-08-24T07:46:11.065,,46:11.1,07:46:11,0,750,#N/A,#N/A,00:04:13,253.059,1
pert-josh,M8@bmm,8,288,6557,1,567,NULL,1252263,1252263,1252263,0,LIMIT,SELL,1,715,2018-08-24T07:46:15.419,2018-08-24T07:46:15.428,,46:15.4,07:46:15,0,750,#N/A,#N/A,00:04:17,257.417,-1
pert-josh,M8@bmm,8,288,6557,1,567,NULL,1252264,1252263,1252263,1252220,LIMIT,SELL,1,720,2018-08-24T07:46:15.424,2018-08-24T07:46:15.428,,46:15.4,07:46:15,1,750,720,-30,00:04:17,257.422,-1
pert-josh,M7@bmm,7,288,6557,1,567,NULL,1252265,1252139,1252139,1252139,CANCEL,SELL,1,755,2018-08-24T07:46:19.162,2018-08-24T07:46:19.166,,46:19.2,07:46:19,0,750,#N/A,#N/A,00:04:21,261.16,-1
pert-josh,M7@bmm,7,288,6557,1,567,NULL,1252266,1252137,1252137,1252137,CANCEL,SELL,1,755,2018-08-24T07:46:20.819,2018-08-24T07:46:20.826,,46:20.8,07:46:20,0,750,#N/A,#N/A,00:04:23,262.817,-1
pert-josh,M1@bmm,1,288,6557,1,567,NULL,1252270,1252270,1252270,0,LIMIT,SELL,1,700,2018-08-24T07:46:29.179,2018-08-24T07:46:29.186,,46:29.2,07:46:29,0,750,#N/A,#N/A,00:04:31,271.177,-1
pert-josh,M1@bmm,1,288,6557,1,567,NULL,1252271,1252270,1252270,1252221,LIMIT,SELL,1,720,2018-08-24T07:46:29.183,2018-08-24T07:46:29.186,,46:29.2,07:46:29,1,750,720,-30,00:04:31,271.181,-1
pert-josh,M8@bmm,8,288,6557,1,567,NULL,1252272,1252272,1252272,0,LIMIT,BUY,1,750,2018-08-24T07:46:32.337,2018-08-24T07:46:32.345,,46:32.3,07:46:32,0,750,#N/A,#N/A,00:04:34,274.335,1
pert-josh,M8@bmm,8,288,6557,1,567,NULL,1252273,1252272,1252272,1252232,LIMIT,BUY,1,745,2018-08-24T07:46:32.342,2018-08-24T07:46:32.345,,46:32.3,07:46:32,1,750,745,-5,00:04:34,274.34,1
pert-josh,M6@bmm,6,288,6557,1,567,NULL,1252274,1252274,1252274,1252277,LIMIT,SELL,1,735,2018-08-24T07:46:32.863,2018-08-24T07:46:46.993,,46:32.9,07:46:32,0,750,#N/A,#N/A,00:04:35,274.861,-1
pert-josh,M7@bmm,7,288,6557,1,567,NULL,1252275,1252275,1252275,NULL,LIMIT,SELL,1,740,2018-08-24T07:46:36.558,2018-08-24T07:46:36.560,,46:36.6,07:46:36,0,750,#N/A,#N/A,00:04:39,278.556,-1
pert-josh,M1@bmm,1,288,6557,1,567,NULL,1252276,1252276,1252276,NULL,LIMIT,BUY,1,700,2018-08-24T07:46:46.001,2018-08-24T07:46:46.003,,46:46.0,07:46:46,0,750,#N/A,#N/A,00:04:48,287.999,1
pert-josh,M6@bmm,6,288,6557,1,567,NULL,1252277,1252274,1252274,1252274,CANCEL,SELL,1,735,2018-08-24T07:46:46.989,2018-08-24T07:46:46.993,,46:47.0,07:46:46,0,750,#N/A,#N/A,00:04:49,288.987,-1
pert-josh,M8@bmm,8,288,6558,2,567,NULL,1252278,1252278,1252278,1252280,LIMIT,SELL,1,460,2018-08-24T07:47:28.595,2018-08-24T07:47:29.024,,47:28.6,07:47:28,0,700,#N/A,#N/A,00:05:31,330.593,-1
pert-josh,M6@bmm,6,288,6558,2,567,NULL,1252279,1252279,1252279,0,LIMIT,BUY,1,525,2018-08-24T07:47:29.016,2018-08-24T07:47:29.023,,47:29.0,07:47:29,0,700,#N/A,#N/A,00:05:31,331.014,1
pert-josh,M6@bmm,6,288,6558,2,567,NULL,1252280,1252279,1252279,1252278,LIMIT,BUY,1,460,2018-08-24T07:47:29.020,2018-08-24T07:47:29.024,,47:29.0,07:47:29,1,700,460,-240,00:05:31,331.018,1
pert-josh,M7@bmm,7,288,6558,2,567,NULL,1252281,1252281,1252281,1252289,LIMIT,BUY,1,650,2018-08-24T07:47:31.933,2018-08-24T07:47:43.520,,47:31.9,07:47:31,0,700,#N/A,#N/A,00:05:34,333.931,1
pert-josh,M3@bmm,3,288,6558,2,567,NULL,1252282,1252282,1252282,1252291,LIMIT,SELL,1,695,2018-08-24T07:47:32.506,2018-08-24T07:47:44.960,,47:32.5,07:47:32,0,700,#N/A,#N/A,00:05:35,334.504,-1
pert-josh,M2@bmm,2,288,6558,2,567,NULL,1252283,1252283,1252283,1252310,LIMIT,BUY,1,390,2018-08-24T07:47:33.300,2018-08-24T07:48:10.522,,47:33.3,07:47:33,0,700,#N/A,#N/A,00:05:35,335.298,1
pert-josh,M6@bmm,6,288,6558,2,567,NULL,1252284,1252284,1252284,NULL,LIMIT,BUY,1,430,2018-08-24T07:47:37.576,2018-08-24T07:47:37.579,,47:37.6,07:47:37,0,700,#N/A,#N/A,00:05:40,339.574,1
pert-josh,M4@bmm,4,288,6558,2,567,NULL,1252285,1252285,1252285,1252390,LIMIT,SELL,1,730,2018-08-24T07:47:37.756,2018-08-24T07:50:47.208,,47:37.8,07:47:37,0,700,#N/A,#N/A,00:05:40,339.754,-1
pert-josh,M4@bmm,4,288,6558,2,567,NULL,1252286,1252286,1252286,1252389,LIMIT,SELL,1,730,2018-08-24T07:47:39.669,2018-08-24T07:50:46.468,,47:39.7,07:47:39,0,700,#N/A,#N/A,00:05:42,341.667,-1
pert-josh,M5@bmm,5,288,6558,2,567,NULL,1252287,1252287,1252287,NULL,LIMIT,BUY,1,390,2018-08-24T07:47:42.967,2018-08-24T07:47:42.969,,47:43.0,07:47:42,0,700,#N/A,#N/A,00:05:45,344.965,1
pert-josh,M8@bmm,8,288,6558,2,567,NULL,1252288,1252288,1252288,0,LIMIT,SELL,1,640,2018-08-24T07:47:43.513,2018-08-24T07:47:43.520,,47:43.5,07:47:43,0,700,#N/A,#N/A,00:05:46,345.511,-1
pert-josh,M8@bmm,8,288,6558,2,567,NULL,1252289,1252288,1252288,1252281,LIMIT,SELL,1,650,2018-08-24T07:47:43.517,2018-08-24T07:47:43.520,,47:43.5,07:47:43,1,700,650,-50,00:05:46,345.515,-1
pert-josh,M2@bmm,2,288,6558,2,567,NULL,1252290,1252290,1252290,0,LIMIT,BUY,1,700,2018-08-24T07:47:44.953,2018-08-24T07:47:44.960,,47:45.0,07:47:44,0,700,#N/A,#N/A,00:05:47,346.951,1
pert-josh,M2@bmm,2,288,6558,2,567,NULL,1252291,1252290,1252290,1252282,LIMIT,BUY,1,695,2018-08-24T07:47:44.957,2018-08-24T07:47:44.960,,47:45.0,07:47:44,1,700,695,-5,00:05:47,346.955,1
pert-josh,M3@bmm,3,288,6558,2,567,NULL,1252292,1252292,1252292,NULL,LIMIT,BUY,1,660,2018-08-24T07:47:46.285,2018-08-24T07:47:46.297,,47:46.3,07:47:46,0,700,#N/A,#N/A,00:05:48,348.283,1
pert-josh,M7@bmm,7,288,6558,2,567,NULL,1252293,1252293,1252293,NULL,LIMIT,SELL,1,705,2018-08-24T07:47:47.301,2018-08-24T07:47:47.303,,47:47.3,07:47:47,0,700,#N/A,#N/A,00:05:49,349.299,-1
pert-josh,M1@bmm,1,288,6558,2,567,NULL,1252294,1252294,1252294,1252300,LIMIT,BUY,1,670,2018-08-24T07:47:47.310,2018-08-24T07:47:52.112,,47:47.3,07:47:47,0,700,#N/A,#N/A,00:05:49,349.308,1
pert-josh,M4@bmm,4,288,6558,2,567,NULL,1252295,1252295,1252295,1252388,LIMIT,SELL,1,730,2018-08-24T07:47:49.518,2018-08-24T07:50:45.852,,47:49.5,07:47:49,0,700,#N/A,#N/A,00:05:52,351.516,-1
pert-josh,M4@bmm,4,288,6558,2,567,NULL,1252296,1252296,1252296,1252387,LIMIT,SELL,1,730,2018-08-24T07:47:50.327,2018-08-24T07:50:44.942,,47:50.3,07:47:50,0,700,#N/A,#N/A,00:05:52,352.325,-1
pert-josh,M7@bmm,7,288,6558,2,567,NULL,1252297,1252297,1252297,NULL,LIMIT,SELL,1,705,2018-08-24T07:47:50.948,2018-08-24T07:47:50.951,,47:50.9,07:47:50,0,700,#N/A,#N/A,00:05:53,352.946,-1
pert-josh,M3@bmm,3,288,6558,2,567,NULL,1252298,1252298,1252298,1252305,LIMIT,SELL,1,700,2018-08-24T07:47:51.759,2018-08-24T07:47:58.433,,47:51.8,07:47:51,0,700,#N/A,#N/A,00:05:54,353.757,-1
pert-josh,M6@bmm,6,288,6558,2,567,NULL,1252299,1252299,1252299,0,LIMIT,SELL,1,665,2018-08-24T07:47:52.104,2018-08-24T07:47:52.112,,47:52.1,07:47:52,0,700,#N/A,#N/A,00:05:54,354.102,-1
pert-josh,M6@bmm,6,288,6558,2,567,NULL,1252300,1252299,1252299,1252294,LIMIT,SELL,1,670,2018-08-24T07:47:52.109,2018-08-24T07:47:52.112,,47:52.1,07:47:52,1,700,670,-30,00:05:54,354.107,-1
pert-josh,M2@bmm,2,288,6558,2,567,NULL,1252301,1252301,1252301,1252359,LIMIT,SELL,1,735,2018-08-24T07:47:53.995,2018-08-24T07:49:50.137,,47:54.0,07:47:53,0,700,#N/A,#N/A,00:05:56,355.993,-1
pert-josh,M1@bmm,1,288,6558,2,567,NULL,1252302,1252302,1252302,1252404,LIMIT,SELL,1,710,2018-08-24T07:47:56.289,2018-08-24T07:51:25.989,,47:56.3,07:47:56,0,700,#N/A,#N/A,00:05:58,358.287,-1
pert-josh,M7@bmm,7,288,6558,2,567,NULL,1252303,1252303,1252303,1252308,LIMIT,SELL,1,700,2018-08-24T07:47:57.014,2018-08-24T07:48:04.809,,47:57.0,07:47:57,0,700,#N/A,#N/A,00:05:59,359.012,-1
pert-josh,M8@bmm,8,288,6558,2,567,NULL,1252304,1252304,1252304,0,LIMIT,BUY,1,705,2018-08-24T07:47:58.424,2018-08-24T07:47:58.432,,47:58.4,07:47:58,0,700,#N/A,#N/A,00:06:00,360.422,1
pert-josh,M8@bmm,8,288,6558,2,567,NULL,1252305,1252304,1252304,1252298,LIMIT,BUY,1,700,2018-08-24T07:47:58.430,2018-08-24T07:47:58.433,,47:58.4,07:47:58,1,700,700,0,00:06:00,360.428,1
pert-josh,M5@bmm,5,288,6558,2,567,NULL,1252306,1252306,1252306,1252341,LIMIT,SELL,1,700,2018-08-24T07:48:00.985,2018-08-24T07:49:22.837,,48:01.0,07:48:00,0,700,#N/A,#N/A,00:06:03,362.983,-1
pert-josh,M8@bmm,8,288,6558,2,567,NULL,1252307,1252307,1252307,0,LIMIT,BUY,1,705,2018-08-24T07:48:04.801,2018-08-24T07:48:04.809,,48:04.8,07:48:04,0,700,#N/A,#N/A,00:06:07,366.799,1
pert-josh,M8@bmm,8,288,6558,2,567,NULL,1252308,1252307,1252307,1252303,LIMIT,BUY,1,700,2018-08-24T07:48:04.806,2018-08-24T07:48:04.809,,48:04.8,07:48:04,1,700,700,0,00:06:07,366.804,1
pert-josh,M6@bmm,6,288,6558,2,567,NULL,1252309,1252309,1252309,NULL,LIMIT,BUY,1,395,2018-08-24T07:48:06.504,2018-08-24T07:48:06.506,,48:06.5,07:48:06,0,700,#N/A,#N/A,00:06:09,368.502,1
pert-josh,M2@bmm,2,288,6558,2,567,NULL,1252310,1252283,1252283,1252283,CANCEL,BUY,1,390,2018-08-24T07:48:10.518,2018-08-24T07:48:10.522,,48:10.5,07:48:10,0,700,#N/A,#N/A,00:06:13,372.516,1
pert-josh,M1@bmm,1,288,6558,2,567,NULL,1252311,1252311,1252311,1252356,LIMIT,BUY,1,670,2018-08-24T07:48:10.874,2018-08-24T07:49:48.848,,48:10.9,07:48:10,0,700,#N/A,#N/A,00:06:13,372.872,1
pert-josh,M3@bmm,3,288,6558,2,567,NULL,1252312,1252312,1252312,1252357,LIMIT,SELL,1,700,2018-08-24T07:48:11.003,2018-08-24T07:49:49.419,,48:11.0,07:48:11,0,700,#N/A,#N/A,00:06:13,373.001,-1
pert-josh,M4@bmm,4,288,6558,2,567,NULL,1252313,1252313,1252313,1252386,LIMIT,SELL,1,730,2018-08-24T07:48:12.533,2018-08-24T07:50:42.593,,48:12.5,07:48:12,0,700,#N/A,#N/A,00:06:15,374.531,-1
pert-josh,M3@bmm,3,288,6558,2,567,NULL,1252314,1252314,1252314,NULL,LIMIT,BUY,1,675,2018-08-24T07:48:16.043,2018-08-24T07:48:16.045,,48:16.0,07:48:16,0,700,#N/A,#N/A,00:06:18,378.041,1
pert-josh,M7@bmm,7,288,6558,2,567,NULL,1252315,1252315,1252315,NULL,LIMIT,BUY,1,675,2018-08-24T07:48:20.325,2018-08-24T07:48:20.327,,48:20.3,07:48:20,0,700,#N/A,#N/A,00:06:22,382.323,1
pert-josh,M2@bmm,2,288,6558,2,567,NULL,1252316,1252316,1252316,1252377,LIMIT,SELL,1,720,2018-08-24T07:48:21.545,2018-08-24T07:50:25.903,,48:21.5,07:48:21,0,700,#N/A,#N/A,00:06:24,383.543,-1
pert-josh,M8@bmm,8,288,6558,2,567,NULL,1252317,1252317,1252317,1252319,LIMIT,SELL,1,680,2018-08-24T07:48:23.394,2018-08-24T07:48:28.638,,48:23.4,07:48:23,0,700,#N/A,#N/A,00:06:25,385.392,-1
pert-josh,M6@bmm,6,288,6558,2,567,NULL,1252318,1252318,1252318,NULL,LIMIT,SELL,1,720,2018-08-24T07:48:25.288,2018-08-24T07:48:25.290,,48:25.3,07:48:25,0,700,#N/A,#N/A,00:06:27,387.286,-1
pert-josh,M1@bmm,1,288,6558,2,567,NULL,1252319,1252319,1252319,1252317,LIMIT,BUY,1,680,2018-08-24T07:48:28.634,2018-08-24T07:48:28.638,,48:28.6,07:48:28,1,700,680,-20,00:06:31,390.632,1
pert-josh,M5@bmm,5,288,6558,2,567,NULL,1252320,1252320,1252320,1252344,LIMIT,SELL,1,720,2018-08-24T07:48:29.529,2018-08-24T07:49:33.116,,48:29.5,07:48:29,0,700,#N/A,#N/A,00:06:32,391.527,-1
pert-josh,M5@bmm,5,288,6558,2,567,NULL,1252321,1252321,1252321,NULL,LIMIT,BUY,1,430,2018-08-24T07:48:43.465,2018-08-24T07:48:43.468,,48:43.5,07:48:43,0,700,#N/A,#N/A,00:06:45,405.463,1
pert-josh,M8@bmm,8,288,6558,2,567,NULL,1252322,1252322,1252322,1252414,LIMIT,BUY,1,680,2018-08-24T07:48:45.874,2018-08-24T07:51:47.527,,48:45.9,07:48:45,0,700,#N/A,#N/A,00:06:48,407.872,1
pert-josh,M7@bmm,7,288,6558,2,567,NULL,1252323,1252323,1252323,NULL,LIMIT,SELL,1,700,2018-08-24T07:48:46.372,2018-08-24T07:48:46.374,,48:46.4,07:48:46,0,700,#N/A,#N/A,00:06:48,408.37,-1
pert-josh,M4@bmm,4,288,6558,2,567,NULL,1252324,1252324,1252324,NULL,LIMIT,SELL,1,705,2018-08-24T07:48:52.182,2018-08-24T07:48:52.185,,48:52.2,07:48:52,0,700,#N/A,#N/A,00:06:54,414.18,-1
pert-josh,M4@bmm,4,288,6558,2,567,NULL,1252325,1252325,1252325,NULL,LIMIT,SELL,1,705,2018-08-24T07:48:52.517,2018-08-24T07:48:52.519,,48:52.5,07:48:52,0,700,#N/A,#N/A,00:06:55,414.515,-1
pert-josh,M4@bmm,4,288,6558,2,567,NULL,1252326,1252326,1252326,NULL,LIMIT,SELL,1,705,2018-08-24T07:48:52.854,2018-08-24T07:48:52.856,,48:52.9,07:48:52,0,700,#N/A,#N/A,00:06:55,414.852,-1
pert-josh,M4@bmm,4,288,6558,2,567,NULL,1252327,1252327,1252327,NULL,LIMIT,SELL,1,705,2018-08-24T07:48:53.206,2018-08-24T07:48:53.209,,48:53.2,07:48:53,0,700,#N/A,#N/A,00:06:55,415.204,-1
pert-josh,M4@bmm,4,288,6558,2,567,NULL,1252328,1252328,1252328,NULL,LIMIT,SELL,1,705,2018-08-24T07:48:53.813,2018-08-24T07:48:53.816,,48:53.8,07:48:53,0,700,#N/A,#N/A,00:06:56,415.811,-1
pert-josh,M2@bmm,2,288,6558,2,567,NULL,1252329,1252329,1252329,1252369,LIMIT,SELL,1,725,2018-08-24T07:48:54.448,2018-08-24T07:50:08.179,,48:54.4,07:48:54,0,700,#N/A,#N/A,00:06:56,416.446,-1
pert-josh,M2@bmm,2,288,6558,2,567,NULL,1252330,1252330,1252330,1252364,LIMIT,SELL,1,730,2018-08-24T07:48:58.659,2018-08-24T07:49:53.851,,48:58.7,07:48:58,0,700,#N/A,#N/A,00:07:01,420.657,-1
pert-josh,M7@bmm,7,288,6558,2,567,NULL,1252331,1252331,1252331,NULL,LIMIT,SELL,1,700,2018-08-24T07:48:59.484,2018-08-24T07:48:59.486,,48:59.5,07:48:59,0,700,#N/A,#N/A,00:07:01,421.482,-1
pert-josh,M3@bmm,3,288,6558,2,567,NULL,1252332,1252332,1252332,NULL,LIMIT,SELL,1,705,2018-08-24T07:49:01.974,2018-08-24T07:49:01.976,,49:02.0,07:49:01,0,700,#N/A,#N/A,00:07:04,423.972,-1
pert-josh,M6@bmm,6,288,6558,2,567,NULL,1252333,1252333,1252333,NULL,LIMIT,BUY,1,530,2018-08-24T07:49:05.401,2018-08-24T07:49:05.403,,49:05.4,07:49:05,0,700,#N/A,#N/A,00:07:07,427.399,1
pert-josh,M5@bmm,5,288,6558,2,567,NULL,1252334,1252334,1252334,1252343,LIMIT,SELL,1,700,2018-08-24T07:49:07.536,2018-08-24T07:49:28.210,,49:07.5,07:49:07,0,700,#N/A,#N/A,00:07:10,429.534,-1
pert-josh,M2@bmm,2,288,6558,2,567,NULL,1252335,1252335,1252335,1252412,LIMIT,SELL,1,700,2018-08-24T07:49:10.843,2018-08-24T07:51:39.653,,49:10.8,07:49:10,0,700,#N/A,#N/A,00:07:13,432.841,-1
pert-josh,M3@bmm,3,288,6558,2,567,NULL,1252336,1252336,1252336,1252338,LIMIT,SELL,1,695,2018-08-24T07:49:12.912,2018-08-24T07:49:14.247,,49:12.9,07:49:12,0,700,#N/A,#N/A,00:07:15,434.91,-1
pert-josh,M4@bmm,4,288,6558,2,567,NULL,1252338,1252338,1252338,1252336,LIMIT,BUY,1,695,2018-08-24T07:49:14.240,2018-08-24T07:49:14.246,,49:14.2,07:49:14,1,700,695,-5,00:07:16,436.238,1
pert-josh,M8@bmm,8,288,6558,2,567,NULL,1252340,1252340,1252340,0,LIMIT,BUY,1,705,2018-08-24T07:49:22.827,2018-08-24T07:49:22.837,,49:22.8,07:49:22,0,700,#N/A,#N/A,00:07:25,444.825,1
pert-josh,M8@bmm,8,288,6558,2,567,NULL,1252341,1252340,1252340,1252306,LIMIT,BUY,1,700,2018-08-24T07:49:22.834,2018-08-24T07:49:22.838,,49:22.8,07:49:22,1,700,700,0,00:07:25,444.832,1
pert-josh,M1@bmm,1,288,6558,2,567,NULL,1252342,1252342,1252342,1252345,LIMIT,SELL,1,695,2018-08-24T07:49:28.105,2018-08-24T07:49:33.879,,49:28.1,07:49:28,0,700,#N/A,#N/A,00:07:30,450.103,-1
pert-josh,M5@bmm,5,288,6558,2,567,NULL,1252343,1252334,1252334,1252334,CANCEL,SELL,1,700,2018-08-24T07:49:28.206,2018-08-24T07:49:28.210,,49:28.2,07:49:28,0,700,#N/A,#N/A,00:07:30,450.204,-1
pert-josh,M5@bmm,5,288,6558,2,567,NULL,1252344,1252320,1252320,1252320,CANCEL,SELL,1,720,2018-08-24T07:49:33.112,2018-08-24T07:49:33.116,,49:33.1,07:49:33,0,700,#N/A,#N/A,00:07:35,455.11,-1
pert-josh,M8@bmm,8,288,6558,2,567,NULL,1252345,1252345,1252345,1252342,LIMIT,BUY,1,695,2018-08-24T07:49:33.874,2018-08-24T07:49:33.879,,49:33.9,07:49:33,1,700,695,-5,00:07:36,455.872,1
pert-josh,M2@bmm,2,288,6558,2,567,NULL,1252346,1252346,1252346,1252355,LIMIT,SELL,1,695,2018-08-24T07:49:34.025,2018-08-24T07:49:47.819,,49:34.0,07:49:34,0,700,#N/A,#N/A,00:07:36,456.023,-1
pert-josh,M3@bmm,3,288,6558,2,567,NULL,1252347,1252347,1252347,1252349,LIMIT,BUY,1,685,2018-08-24T07:49:36.052,2018-08-24T07:49:40.337,,49:36.1,07:49:36,0,700,#N/A,#N/A,00:07:38,458.05,1
pert-josh,M3@bmm,3,288,6558,2,567,NULL,1252348,1252348,1252348,1252393,LIMIT,BUY,1,685,2018-08-24T07:49:38.438,2018-08-24T07:50:52.245,,49:38.4,07:49:38,0,700,#N/A,#N/A,00:07:40,460.436,1
pert-josh,M2@bmm,2,288,6558,2,567,NULL,1252349,1252349,1252349,1252347,LIMIT,SELL,1,685,2018-08-24T07:49:40.332,2018-08-24T07:49:40.337,,49:40.3,07:49:40,1,700,685,-15,00:07:42,462.33,-1
pert-josh,M6@bmm,6,288,6558,2,567,NULL,1252350,1252350,1252350,1252354,LIMIT,BUY,1,690,2018-08-24T07:49:41.049,2018-08-24T07:49:47.154,,49:41.0,07:49:41,0,700,#N/A,#N/A,00:07:43,463.047,1
pert-josh,M5@bmm,5,288,6558,2,567,NULL,1252353,1252353,1252353,1252415,LIMIT,SELL,1,725,2018-08-24T07:49:45.579,2018-08-24T07:52:02.881,,49:45.6,07:49:45,0,700,#N/A,#N/A,00:07:48,467.577,-1
pert-josh,M3@bmm,3,288,6558,2,567,NULL,1252354,1252354,1252354,1252350,LIMIT,SELL,1,690,2018-08-24T07:49:47.149,2018-08-24T07:49:47.154,,49:47.1,07:49:47,1,700,690,-10,00:07:49,469.147,-1
pert-josh,M2@bmm,2,288,6558,2,567,NULL,1252355,1252346,1252346,1252346,CANCEL,SELL,1,695,2018-08-24T07:49:47.815,2018-08-24T07:49:47.819,,49:47.8,07:49:47,0,700,#N/A,#N/A,00:07:50,469.813,-1
pert-josh,M1@bmm,1,288,6558,2,567,NULL,1252356,1252311,1252311,1252311,CANCEL,BUY,1,670,2018-08-24T07:49:48.844,2018-08-24T07:49:48.848,,49:48.8,07:49:48,0,700,#N/A,#N/A,00:07:51,470.842,1
pert-josh,M8@bmm,8,288,6558,2,567,NULL,1252357,1252357,1252357,1252312,LIMIT,BUY,1,700,2018-08-24T07:49:49.411,2018-08-24T07:49:49.419,,49:49.4,07:49:49,1,700,700,0,00:07:51,471.409,1
pert-josh,M3@bmm,3,288,6558,2,567,NULL,1252358,1252358,1252358,NULL,LIMIT,SELL,1,695,2018-08-24T07:49:49.901,2018-08-24T07:49:49.903,,49:49.9,07:49:49,0,700,#N/A,#N/A,00:07:52,471.899,-1
pert-josh,M2@bmm,2,288,6558,2,567,NULL,1252359,1252301,1252301,1252301,CANCEL,SELL,1,735,2018-08-24T07:49:50.133,2018-08-24T07:49:50.137,,49:50.1,07:49:50,0,700,#N/A,#N/A,00:07:52,472.131,-1
pert-josh,M1@bmm,1,288,6558,2,567,NULL,1252360,1252360,1252360,1252363,LIMIT,BUY,1,690,2018-08-24T07:49:50.481,2018-08-24T07:49:51.630,,49:50.5,07:49:50,0,700,#N/A,#N/A,00:07:52,472.479,1
pert-josh,M5@bmm,5,288,6558,2,567,NULL,1252361,1252361,1252361,1252385,LIMIT,SELL,1,735,2018-08-24T07:49:51.200,2018-08-24T07:50:41.482,,49:51.2,07:49:51,0,700,#N/A,#N/A,00:07:53,473.198,-1
pert-josh,M7@bmm,7,288,6558,2,567,NULL,1252362,1252362,1252362,0,LIMIT,SELL,1,680,2018-08-24T07:49:51.622,2018-08-24T07:49:51.630,,49:51.6,07:49:51,0,700,#N/A,#N/A,00:07:54,473.62,-1
pert-josh,M7@bmm,7,288,6558,2,567,NULL,1252363,1252362,1252362,1252360,LIMIT,SELL,1,690,2018-08-24T07:49:51.627,2018-08-24T07:49:51.630,,49:51.6,07:49:51,1,700,690,-10,00:07:54,473.625,-1
pert-josh,M2@bmm,2,288,6558,2,567,NULL,1252364,1252330,1252330,1252330,CANCEL,SELL,1,730,2018-08-24T07:49:53.847,2018-08-24T07:49:53.850,,49:53.8,07:49:53,0,700,#N/A,#N/A,00:07:56,475.845,-1
pert-josh,M1@bmm,1,288,6558,2,567,NULL,1252365,1252365,1252365,1252375,LIMIT,BUY,1,690,2018-08-24T07:49:54.593,2018-08-24T07:50:20.974,,49:54.6,07:49:54,0,700,#N/A,#N/A,00:07:57,476.591,1
pert-josh,M1@bmm,1,288,6558,2,567,NULL,1252366,1252366,1252366,1252416,LIMIT,SELL,1,695,2018-08-24T07:50:03.620,2018-08-24T07:52:12.657,,50:03.6,07:50:03,0,700,#N/A,#N/A,00:08:06,485.618,-1
pert-josh,M2@bmm,2,288,6558,2,567,NULL,1252367,1252367,1252367,1252381,LIMIT,SELL,1,695,2018-08-24T07:50:05.561,2018-08-24T07:50:40.029,,50:05.6,07:50:05,0,700,#N/A,#N/A,00:08:08,487.559,-1
pert-josh,M3@bmm,3,288,6558,2,567,NULL,1252368,1252368,1252368,NULL,LIMIT,BUY,1,680,2018-08-24T07:50:07.486,2018-08-24T07:50:07.488,,50:07.5,07:50:07,0,700,#N/A,#N/A,00:08:09,489.484,1
pert-josh,M2@bmm,2,288,6558,2,567,NULL,1252369,1252329,1252329,1252329,CANCEL,SELL,1,725,2018-08-24T07:50:08.175,2018-08-24T07:50:08.179,,50:08.2,07:50:08,0,700,#N/A,#N/A,00:08:10,490.173,-1
pert-josh,M5@bmm,5,288,6558,2,567,NULL,1252370,1252370,1252370,NULL,LIMIT,BUY,1,395,2018-08-24T07:50:08.553,2018-08-24T07:50:08.555,,50:08.6,07:50:08,0,700,#N/A,#N/A,00:08:11,490.551,1
pert-josh,M3@bmm,3,288,6558,2,567,NULL,1252371,1252371,1252371,1252392,LIMIT,BUY,1,685,2018-08-24T07:50:08.940,2018-08-24T07:50:50.842,,50:08.9,07:50:08,0,700,#N/A,#N/A,00:08:11,490.938,1
pert-josh,M6@bmm,6,288,6558,2,567,NULL,1252372,1252372,1252372,NULL,LIMIT,BUY,1,665,2018-08-24T07:50:12.442,2018-08-24T07:50:12.444,,50:12.4,07:50:12,0,700,#N/A,#N/A,00:08:14,494.44,1
pert-josh,M6@bmm,6,288,6558,2,567,NULL,1252375,1252375,1252375,1252365,LIMIT,SELL,1,690,2018-08-24T07:50:20.969,2018-08-24T07:50:20.974,,50:21.0,07:50:20,1,700,690,-10,00:08:23,502.967,-1
pert-josh,M2@bmm,2,288,6558,2,567,NULL,1252377,1252316,1252316,1252316,CANCEL,SELL,1,720,2018-08-24T07:50:25.899,2018-08-24T07:50:25.903,,50:25.9,07:50:25,0,700,#N/A,#N/A,00:08:28,507.897,-1
pert-josh,M1@bmm,1,288,6558,2,567,NULL,1252378,1252378,1252378,1252380,LIMIT,BUY,1,690,2018-08-24T07:50:28.794,2018-08-24T07:50:37.486,,50:28.8,07:50:28,0,700,#N/A,#N/A,00:08:31,510.792,1
pert-josh,M5@bmm,5,288,6558,2,567,NULL,1252379,1252379,1252379,NULL,LIMIT,SELL,1,700,2018-08-24T07:50:36.266,2018-08-24T07:50:36.268,,50:36.3,07:50:36,0,700,#N/A,#N/A,00:08:38,518.264,-1
pert-josh,M2@bmm,2,288,6558,2,567,NULL,1252380,1252380,1252380,1252378,LIMIT,SELL,1,690,2018-08-24T07:50:37.482,2018-08-24T07:50:37.486,,50:37.5,07:50:37,1,700,690,-10,00:08:39,519.48,-1
pert-josh,M2@bmm,2,288,6558,2,567,NULL,1252381,1252367,1252367,1252367,CANCEL,SELL,1,695,2018-08-24T07:50:40.024,2018-08-24T07:50:40.028,,50:40.0,07:50:40,0,700,#N/A,#N/A,00:08:42,522.022,-1
pert-josh,M1@bmm,1,288,6558,2,567,NULL,1252382,1252382,1252382,1252391,LIMIT,BUY,1,690,2018-08-24T07:50:40.185,2018-08-24T07:50:49.107,,50:40.2,07:50:40,0,700,#N/A,#N/A,00:08:42,522.183,1
pert-josh,M3@bmm,3,288,6558,2,567,NULL,1252383,1252383,1252383,NULL,LIMIT,SELL,1,695,2018-08-24T07:50:40.924,2018-08-24T07:50:40.927,,50:40.9,07:50:40,0,700,#N/A,#N/A,00:08:43,522.922,-1
pert-josh,M6@bmm,6,288,6558,2,567,NULL,1252384,1252384,1252384,NULL,LIMIT,BUY,1,680,2018-08-24T07:50:40.946,2018-08-24T07:50:40.948,,50:40.9,07:50:40,0,700,#N/A,#N/A,00:08:43,522.944,1
pert-josh,M5@bmm,5,288,6558,2,567,NULL,1252385,1252361,1252361,1252361,CANCEL,SELL,1,735,2018-08-24T07:50:41.478,2018-08-24T07:50:41.482,,50:41.5,07:50:41,0,700,#N/A,#N/A,00:08:43,523.476,-1
pert-josh,M4@bmm,4,288,6558,2,567,NULL,1252386,1252313,1252313,1252313,CANCEL,SELL,1,730,2018-08-24T07:50:42.589,2018-08-24T07:50:42.593,,50:42.6,07:50:42,0,700,#N/A,#N/A,00:08:45,524.587,-1
pert-josh,M4@bmm,4,288,6558,2,567,NULL,1252387,1252296,1252296,1252296,CANCEL,SELL,1,730,2018-08-24T07:50:44.937,2018-08-24T07:50:44.942,,50:44.9,07:50:44,0,700,#N/A,#N/A,00:08:47,526.935,-1
pert-josh,M4@bmm,4,288,6558,2,567,NULL,1252388,1252295,1252295,1252295,CANCEL,SELL,1,730,2018-08-24T07:50:45.848,2018-08-24T07:50:45.852,,50:45.8,07:50:45,0,700,#N/A,#N/A,00:08:48,527.846,-1
pert-josh,M4@bmm,4,288,6558,2,567,NULL,1252389,1252286,1252286,1252286,CANCEL,SELL,1,730,2018-08-24T07:50:46.463,2018-08-24T07:50:46.468,,50:46.5,07:50:46,0,700,#N/A,#N/A,00:08:48,528.461,-1
pert-josh,M4@bmm,4,288,6558,2,567,NULL,1252390,1252285,1252285,1252285,CANCEL,SELL,1,730,2018-08-24T07:50:47.204,2018-08-24T07:50:47.208,,50:47.2,07:50:47,0,700,#N/A,#N/A,00:08:49,529.202,-1
pert-josh,M3@bmm,3,288,6558,2,567,NULL,1252391,1252391,1252391,1252382,LIMIT,SELL,1,690,2018-08-24T07:50:49.103,2018-08-24T07:50:49.107,,50:49.1,07:50:49,1,700,690,-10,00:08:51,531.101,-1
pert-josh,M3@bmm,3,288,6558,2,567,NULL,1252392,1252371,1252371,1252371,CANCEL,BUY,1,685,2018-08-24T07:50:50.838,2018-08-24T07:50:50.842,,50:50.8,07:50:50,0,700,#N/A,#N/A,00:08:53,532.836,1
pert-josh,M3@bmm,3,288,6558,2,567,NULL,1252393,1252348,1252348,1252348,CANCEL,BUY,1,685,2018-08-24T07:50:52.241,2018-08-24T07:50:52.245,,50:52.2,07:50:52,0,700,#N/A,#N/A,00:08:54,534.239,1
pert-josh,M3@bmm,3,288,6558,2,567,NULL,1252394,1252394,1252394,NULL,LIMIT,BUY,1,680,2018-08-24T07:50:56.093,2018-08-24T07:50:56.095,,50:56.1,07:50:56,0,700,#N/A,#N/A,00:08:58,538.091,1
pert-josh,M1@bmm,1,288,6558,2,567,NULL,1252395,1252395,1252395,1252396,LIMIT,BUY,1,690,2018-08-24T07:50:57.393,2018-08-24T07:50:59.719,,50:57.4,07:50:57,0,700,#N/A,#N/A,00:08:59,539.391,1
pert-josh,M1@bmm,1,288,6558,2,567,NULL,1252396,1252395,1252395,1252395,CANCEL,BUY,1,690,2018-08-24T07:50:59.715,2018-08-24T07:50:59.719,,50:59.7,07:50:59,0,700,#N/A,#N/A,00:09:02,541.713,1
pert-josh,M1@bmm,1,288,6558,2,567,NULL,1252399,1252399,1252399,1252406,LIMIT,BUY,1,685,2018-08-24T07:51:02.993,2018-08-24T07:51:32.256,,51:03.0,07:51:02,0,700,#N/A,#N/A,00:09:05,544.991,1
pert-josh,M3@bmm,3,288,6558,2,567,NULL,1252400,1252400,1252400,1252402,LIMIT,SELL,1,690,2018-08-24T07:51:05.804,2018-08-24T07:51:20.472,,51:05.8,07:51:05,0,700,#N/A,#N/A,00:09:08,547.802,-1
pert-josh,M2@bmm,2,288,6558,2,567,NULL,1252402,1252402,1252402,1252400,LIMIT,BUY,1,690,2018-08-24T07:51:20.467,2018-08-24T07:51:20.472,,51:20.5,07:51:20,1,700,690,-10,00:09:22,562.465,1
pert-josh,M5@bmm,5,288,6558,2,567,NULL,1252403,1252403,1252403,1252408,LIMIT,SELL,1,695,2018-08-24T07:51:20.498,2018-08-24T07:51:35.222,,51:20.5,07:51:20,0,700,#N/A,#N/A,00:09:22,562.496,-1
pert-josh,M1@bmm,1,288,6558,2,567,NULL,1252404,1252302,1252302,1252302,CANCEL,SELL,1,710,2018-08-24T07:51:25.985,2018-08-24T07:51:25.989,,51:26.0,07:51:25,0,700,#N/A,#N/A,00:09:28,567.983,-1
pert-josh,M8@bmm,8,288,6558,2,567,NULL,1252405,1252405,1252405,0,LIMIT,SELL,1,680,2018-08-24T07:51:32.247,2018-08-24T07:51:32.255,,51:32.2,07:51:32,0,700,#N/A,#N/A,00:09:34,574.245,-1
pert-josh,M8@bmm,8,288,6558,2,567,NULL,1252406,1252405,1252405,1252399,LIMIT,SELL,1,685,2018-08-24T07:51:32.251,2018-08-24T07:51:32.256,,51:32.3,07:51:32,1,700,685,-15,00:09:34,574.249,-1
pert-josh,M5@bmm,5,288,6558,2,567,NULL,1252407,1252407,1252407,1252410,LIMIT,SELL,1,690,2018-08-24T07:51:32.714,2018-08-24T07:51:36.887,,51:32.7,07:51:32,0,700,#N/A,#N/A,00:09:35,574.712,-1
pert-josh,M5@bmm,5,288,6558,2,567,NULL,1252408,1252403,1252403,1252403,CANCEL,SELL,1,695,2018-08-24T07:51:35.218,2018-08-24T07:51:35.222,,51:35.2,07:51:35,0,700,#N/A,#N/A,00:09:37,577.216,-1
pert-josh,M6@bmm,6,288,6558,2,567,NULL,1252410,1252410,1252410,1252407,LIMIT,BUY,1,690,2018-08-24T07:51:36.882,2018-08-24T07:51:36.887,,51:36.9,07:51:36,1,700,690,-10,00:09:39,578.88,1
pert-josh,M1@bmm,1,288,6558,2,567,NULL,1252411,1252411,1252411,NULL,LIMIT,BUY,1,685,2018-08-24T07:51:38.385,2018-08-24T07:51:38.387,,51:38.4,07:51:38,0,700,#N/A,#N/A,00:09:40,580.383,1
pert-josh,M2@bmm,2,288,6558,2,567,NULL,1252412,1252335,1252335,1252335,CANCEL,SELL,1,700,2018-08-24T07:51:39.649,2018-08-24T07:51:39.653,,51:39.6,07:51:39,0,700,#N/A,#N/A,00:09:42,581.647,-1
pert-josh,M5@bmm,5,288,6558,2,567,NULL,1252413,1252413,1252413,NULL,LIMIT,SELL,1,695,2018-08-24T07:51:45.580,2018-08-24T07:51:45.582,,51:45.6,07:51:45,0,700,#N/A,#N/A,00:09:48,587.578,-1
pert-josh,M8@bmm,8,288,6558,2,567,NULL,1252414,1252322,1252322,1252322,CANCEL,BUY,1,680,2018-08-24T07:51:47.523,2018-08-24T07:51:47.526,,51:47.5,07:51:47,0,700,#N/A,#N/A,00:09:50,589.521,1
pert-josh,M5@bmm,5,288,6558,2,567,NULL,1252415,1252353,1252353,1252353,CANCEL,SELL,1,725,2018-08-24T07:52:02.875,2018-08-24T07:52:02.880,,52:02.9,07:52:02,0,700,#N/A,#N/A,00:10:05,604.873,-1
pert-josh,M1@bmm,1,288,6558,2,567,NULL,1252416,1252366,1252366,1252366,CANCEL,SELL,1,695,2018-08-24T07:52:12.653,2018-08-24T07:52:12.657,,52:12.7,07:52:12,0,700,#N/A,#N/A,00:10:15,614.651,-1
pert-josh,M5@bmm,5,288,6558,2,567,NULL,1252417,1252417,1252417,NULL,LIMIT,SELL,1,720,2018-08-24T07:52:16.437,2018-08-24T07:52:16.439,,52:16.4,07:52:16,0,700,#N/A,#N/A,00:10:18,618.435,-1
pert-josh,M8@bmm,8,288,6559,3,567,NULL,1252418,1252418,1252418,1252422,LIMIT,SELL,1,545,2018-08-24T07:52:58.671,2018-08-24T07:53:07.270,,52:58.7,07:52:58,0,650,#N/A,#N/A,00:11:01,660.669,-1
pert-josh,M6@bmm,6,288,6559,3,567,NULL,1252419,1252419,1252419,NULL,LIMIT,BUY,1,415,2018-08-24T07:53:01.580,2018-08-24T07:53:01.582,,53:01.6,07:53:01,0,650,#N/A,#N/A,00:11:04,663.578,1
pert-josh,M3@bmm,3,288,6559,3,567,NULL,1252420,1252420,1252420,NULL,LIMIT,SELL,1,750,2018-08-24T07:53:04.445,2018-08-24T07:53:04.447,,53:04.4,07:53:04,0,650,#N/A,#N/A,00:11:06,666.443,-1
pert-josh,M7@bmm,7,288,6559,3,567,NULL,1252421,1252421,1252421,0,LIMIT,BUY,1,640,2018-08-24T07:53:07.261,2018-08-24T07:53:07.270,,53:07.3,07:53:07,0,650,#N/A,#N/A,00:11:09,669.259,1
pert-josh,M7@bmm,7,288,6559,3,567,NULL,1252422,1252421,1252421,1252418,LIMIT,BUY,1,545,2018-08-24T07:53:07.266,2018-08-24T07:53:07.270,,53:07.3,07:53:07,1,650,545,-105,00:11:09,669.264,1
pert-josh,M2@bmm,2,288,6559,3,567,NULL,1252423,1252423,1252423,1252461,LIMIT,SELL,1,705,2018-08-24T07:53:08.065,2018-08-24T07:53:46.013,,53:08.1,07:53:08,0,650,#N/A,#N/A,00:11:10,670.063,-1
pert-josh,M1@bmm,1,288,6559,3,567,NULL,1252425,1252425,1252425,1252427,LIMIT,SELL,1,530,2018-08-24T07:53:08.692,2018-08-24T07:53:10.328,,53:08.7,07:53:08,0,650,#N/A,#N/A,00:11:11,670.69,-1
pert-josh,M7@bmm,7,288,6559,3,567,NULL,1252426,1252426,1252426,0,LIMIT,BUY,1,640,2018-08-24T07:53:10.319,2018-08-24T07:53:10.327,,53:10.3,07:53:10,0,650,#N/A,#N/A,00:11:12,672.317,1
pert-josh,M7@bmm,7,288,6559,3,567,NULL,1252427,1252426,1252426,1252425,LIMIT,BUY,1,530,2018-08-24T07:53:10.325,2018-08-24T07:53:10.328,,53:10.3,07:53:10,1,650,530,-120,00:11:12,672.323,1
pert-josh,M4@bmm,4,288,6559,3,567,NULL,1252428,1252428,1252428,1252438,LIMIT,SELL,1,665,2018-08-24T07:53:11.469,2018-08-24T07:53:12.435,,53:11.5,07:53:11,0,650,#N/A,#N/A,00:11:13,673.467,-1
pert-josh,M4@bmm,4,288,6559,3,567,NULL,1252429,1252429,1252429,NULL,LIMIT,SELL,1,665,2018-08-24T07:53:11.488,2018-08-24T07:53:11.490,,53:11.5,07:53:11,0,650,#N/A,#N/A,00:11:13,673.486,-1
pert-josh,M4@bmm,4,288,6559,3,567,NULL,1252430,1252430,1252430,NULL,LIMIT,SELL,1,665,2018-08-24T07:53:11.553,2018-08-24T07:53:11.555,,53:11.6,07:53:11,0,650,#N/A,#N/A,00:11:14,673.551,-1
pert-josh,M4@bmm,4,288,6559,3,567,NULL,1252431,1252431,1252431,NULL,LIMIT,SELL,1,665,2018-08-24T07:53:11.649,2018-08-24T07:53:11.651,,53:11.6,07:53:11,0,650,#N/A,#N/A,00:11:14,673.647,-1
pert-josh,M4@bmm,4,288,6559,3,567,NULL,1252432,1252432,1252432,NULL,LIMIT,SELL,1,665,2018-08-24T07:53:11.679,2018-08-24T07:53:11.682,,53:11.7,07:53:11,0,650,#N/A,#N/A,00:11:14,673.677,-1
pert-josh,M4@bmm,4,288,6559,3,567,NULL,1252433,1252433,1252433,NULL,LIMIT,SELL,1,665,2018-08-24T07:53:11.687,2018-08-24T07:53:11.689,,53:11.7,07:53:11,0,650,#N/A,#N/A,00:11:14,673.685,-1
pert-josh,M4@bmm,4,288,6559,3,567,NULL,1252434,1252434,1252434,NULL,LIMIT,SELL,1,665,2018-08-24T07:53:11.703,2018-08-24T07:53:11.705,,53:11.7,07:53:11,0,650,#N/A,#N/A,00:11:14,673.701,-1
pert-josh,M4@bmm,4,288,6559,3,567,NULL,1252435,1252435,1252435,NULL,LIMIT,SELL,1,665,2018-08-24T07:53:11.784,2018-08-24T07:53:11.786,,53:11.8,07:53:11,0,650,#N/A,#N/A,00:11:14,673.782,-1
pert-josh,M6@bmm,6,288,6559,3,567,NULL,1252436,1252436,1252436,NULL,LIMIT,BUY,1,515,2018-08-24T07:53:12.075,2018-08-24T07:53:12.077,,53:12.1,07:53:12,0,650,#N/A,#N/A,00:11:14,674.073,1
pert-josh,M3@bmm,3,288,6559,3,567,NULL,1252437,1252437,1252437,0,LIMIT,BUY,1,715,2018-08-24T07:53:12.424,2018-08-24T07:53:12.435,,53:12.4,07:53:12,0,650,#N/A,#N/A,00:11:14,674.422,1
pert-josh,M3@bmm,3,288,6559,3,567,NULL,1252438,1252437,1252437,1252428,LIMIT,BUY,1,665,2018-08-24T07:53:12.432,2018-08-24T07:53:12.435,,53:12.4,07:53:12,1,650,665,15,00:11:14,674.43,1
pert-josh,M1@bmm,1,288,6559,3,567,NULL,1252439,1252439,1252439,1252446,LIMIT,BUY,1,530,2018-08-24T07:53:12.541,2018-08-24T07:53:28.681,,53:12.5,07:53:12,0,650,#N/A,#N/A,00:11:15,674.539,1
pert-josh,M8@bmm,8,288,6559,3,567,NULL,1252440,1252440,1252440,1252482,LIMIT,BUY,1,515,2018-08-24T07:53:13.010,2018-08-24T07:54:08.134,,53:13.0,07:53:13,0,650,#N/A,#N/A,00:11:15,675.008,1
pert-josh,M1@bmm,1,288,6559,3,567,NULL,1252442,1252442,1252442,1252448,LIMIT,BUY,1,540,2018-08-24T07:53:19.357,2018-08-24T07:53:31.297,,53:19.4,07:53:19,0,650,#N/A,#N/A,00:11:21,681.355,1
pert-josh,M1@bmm,1,288,6559,3,567,NULL,1252443,1252443,1252443,1252451,LIMIT,BUY,1,545,2018-08-24T07:53:21.633,2018-08-24T07:53:35.026,,53:21.6,07:53:21,0,650,#N/A,#N/A,00:11:24,683.631,1
pert-josh,M8@bmm,8,288,6559,3,567,NULL,1252444,1252444,1252444,1252480,LIMIT,BUY,1,555,2018-08-24T07:53:22.075,2018-08-24T07:54:06.638,,53:22.1,07:53:22,0,650,#N/A,#N/A,00:11:24,684.073,1
pert-josh,M7@bmm,7,288,6559,3,567,NULL,1252445,1252445,1252445,NULL,LIMIT,BUY,1,600,2018-08-24T07:53:22.368,2018-08-24T07:53:22.370,,53:22.4,07:53:22,0,650,#N/A,#N/A,00:11:24,684.366,1
pert-josh,M1@bmm,1,288,6559,3,567,NULL,1252446,1252439,1252439,1252439,CANCEL,BUY,1,530,2018-08-24T07:53:28.677,2018-08-24T07:53:28.681,,53:28.7,07:53:28,0,650,#N/A,#N/A,00:11:31,690.675,1
pert-josh,M6@bmm,6,288,6559,3,567,NULL,1252447,1252447,1252447,1252472,LIMIT,BUY,1,625,2018-08-24T07:53:29.628,2018-08-24T07:53:56.731,,53:29.6,07:53:29,0,650,#N/A,#N/A,00:11:32,691.626,1
pert-josh,M1@bmm,1,288,6559,3,567,NULL,1252448,1252442,1252442,1252442,CANCEL,BUY,1,540,2018-08-24T07:53:31.293,2018-08-24T07:53:31.296,,53:31.3,07:53:31,0,650,#N/A,#N/A,00:11:33,693.291,1
pert-josh,M1@bmm,1,288,6559,3,567,NULL,1252449,1252449,1252449,1252452,LIMIT,BUY,1,550,2018-08-24T07:53:33.083,2018-08-24T07:53:35.441,,53:33.1,07:53:33,0,650,#N/A,#N/A,00:11:35,695.081,1
pert-josh,M1@bmm,1,288,6559,3,567,NULL,1252451,1252443,1252443,1252443,CANCEL,BUY,1,545,2018-08-24T07:53:35.022,2018-08-24T07:53:35.026,,53:35.0,07:53:35,0,650,#N/A,#N/A,00:11:37,697.02,1
pert-josh,M1@bmm,1,288,6559,3,567,NULL,1252452,1252449,1252449,1252449,CANCEL,BUY,1,550,2018-08-24T07:53:35.437,2018-08-24T07:53:35.441,,53:35.4,07:53:35,0,650,#N/A,#N/A,00:11:37,697.435,1
pert-josh,M7@bmm,7,288,6559,3,567,NULL,1252454,1252454,1252454,NULL,LIMIT,SELL,1,660,2018-08-24T07:53:36.336,2018-08-24T07:53:36.341,,53:36.3,07:53:36,0,650,#N/A,#N/A,00:11:38,698.334,-1
pert-josh,M7@bmm,7,288,6559,3,567,NULL,1252455,1252455,1252455,NULL,LIMIT,SELL,1,660,2018-08-24T07:53:40.361,2018-08-24T07:53:40.363,,53:40.4,07:53:40,0,650,#N/A,#N/A,00:11:42,702.359,-1
pert-josh,M6@bmm,6,288,6559,3,567,NULL,1252456,1252456,1252456,NULL,LIMIT,SELL,1,690,2018-08-24T07:53:40.820,2018-08-24T07:53:40.822,,53:40.8,07:53:40,0,650,#N/A,#N/A,00:11:43,702.818,-1
pert-josh,M2@bmm,2,288,6559,3,567,NULL,1252458,1252458,1252458,NULL,LIMIT,SELL,1,690,2018-08-24T07:53:43.475,2018-08-24T07:53:43.477,,53:43.5,07:53:43,0,650,#N/A,#N/A,00:11:45,705.473,-1
pert-josh,M3@bmm,3,288,6559,3,567,NULL,1252459,1252459,1252459,1252463,LIMIT,BUY,1,635,2018-08-24T07:53:44.378,2018-08-24T07:53:47.282,,53:44.4,07:53:44,0,650,#N/A,#N/A,00:11:46,706.376,1
pert-josh,M2@bmm,2,288,6559,3,567,NULL,1252461,1252423,1252423,1252423,CANCEL,SELL,1,705,2018-08-24T07:53:46.009,2018-08-24T07:53:46.013,,53:46.0,07:53:46,0,650,#N/A,#N/A,00:11:48,708.007,-1
pert-josh,M5@bmm,5,288,6559,3,567,NULL,1252462,1252462,1252462,0,LIMIT,SELL,1,415,2018-08-24T07:53:47.275,2018-08-24T07:53:47.281,,53:47.3,07:53:47,0,650,#N/A,#N/A,00:11:49,709.273,-1
pert-josh,M5@bmm,5,288,6559,3,567,NULL,1252463,1252462,1252462,1252459,LIMIT,SELL,1,635,2018-08-24T07:53:47.279,2018-08-24T07:53:47.282,,53:47.3,07:53:47,1,650,635,-15,00:11:49,709.277,-1
pert-josh,M1@bmm,1,288,6559,3,567,NULL,1252464,1252464,1252464,1252496,LIMIT,BUY,1,625,2018-08-24T07:53:48.530,2018-08-24T07:54:40.291,,53:48.5,07:53:48,0,650,#N/A,#N/A,00:11:51,710.528,1
pert-josh,M3@bmm,3,288,6559,3,567,NULL,1252465,1252465,1252465,1252519,LIMIT,SELL,1,650,2018-08-24T07:53:50.594,2018-08-24T07:55:33.069,,53:50.6,07:53:50,0,650,#N/A,#N/A,00:11:53,712.592,-1
pert-josh,M5@bmm,5,288,6559,3,567,NULL,1252466,1252466,1252466,1252544,LIMIT,BUY,1,415,2018-08-24T07:53:56.314,2018-08-24T07:56:37.928,,53:56.3,07:53:56,0,650,#N/A,#N/A,00:11:58,718.312,1
pert-josh,M8@bmm,8,288,6559,3,567,NULL,1252471,1252471,1252471,0,LIMIT,SELL,1,620,2018-08-24T07:53:56.724,2018-08-24T07:53:56.731,,53:56.7,07:53:56,0,650,#N/A,#N/A,00:11:59,718.722,-1
pert-josh,M8@bmm,8,288,6559,3,567,NULL,1252472,1252471,1252471,1252447,LIMIT,SELL,1,625,2018-08-24T07:53:56.728,2018-08-24T07:53:56.732,,53:56.7,07:53:56,1,650,625,-25,00:11:59,718.726,-1
pert-josh,M7@bmm,7,288,6559,3,567,NULL,1252473,1252473,1252473,NULL,LIMIT,BUY,1,630,2018-08-24T07:53:57.488,2018-08-24T07:53:57.490,,53:57.5,07:53:57,0,650,#N/A,#N/A,00:11:59,719.486,1
pert-josh,M1@bmm,1,288,6559,3,567,NULL,1252476,1252476,1252476,1252484,LIMIT,SELL,1,640,2018-08-24T07:54:01.802,2018-08-24T07:54:08.750,,54:01.8,07:54:01,0,650,#N/A,#N/A,00:12:04,723.8,-1
pert-josh,M8@bmm,8,288,6559,3,567,NULL,1252480,1252444,1252444,1252444,CANCEL,BUY,1,555,2018-08-24T07:54:06.633,2018-08-24T07:54:06.637,,54:06.6,07:54:06,0,650,#N/A,#N/A,00:12:09,728.631,1
pert-josh,M7@bmm,7,288,6559,3,567,NULL,1252481,1252481,1252481,1252531,LIMIT,SELL,1,650,2018-08-24T07:54:07.536,2018-08-24T07:56:04.209,,54:07.5,07:54:07,0,650,#N/A,#N/A,00:12:10,729.534,-1
pert-josh,M8@bmm,8,288,6559,3,567,NULL,1252482,1252440,1252440,1252440,CANCEL,BUY,1,515,2018-08-24T07:54:08.130,2018-08-24T07:54:08.134,,54:08.1,07:54:08,0,650,#N/A,#N/A,00:12:10,730.128,1
pert-josh,M4@bmm,4,288,6559,3,567,NULL,1252484,1252484,1252484,1252476,LIMIT,BUY,1,640,2018-08-24T07:54:08.744,2018-08-24T07:54:08.749,,54:08.7,07:54:08,1,650,640,-10,00:12:11,730.742,1
pert-josh,M5@bmm,5,288,6559,3,567,NULL,1252485,1252485,1252485,1252488,LIMIT,SELL,1,640,2018-08-24T07:54:09.714,2018-08-24T07:54:16.123,,54:09.7,07:54:09,0,650,#N/A,#N/A,00:12:12,731.712,-1
pert-josh,M1@bmm,1,288,6559,3,567,NULL,1252486,1252486,1252486,1252509,LIMIT,SELL,1,645,2018-08-24T07:54:12.569,2018-08-24T07:54:58.843,,54:12.6,07:54:12,0,650,#N/A,#N/A,00:12:15,734.567,-1
pert-josh,M5@bmm,5,288,6559,3,567,NULL,1252487,1252487,1252487,1252530,LIMIT,SELL,1,650,2018-08-24T07:54:15.042,2018-08-24T07:55:59.147,,54:15.0,07:54:15,0,650,#N/A,#N/A,00:12:17,737.04,-1
pert-josh,M5@bmm,5,288,6559,3,567,NULL,1252488,1252485,1252485,1252485,CANCEL,SELL,1,640,2018-08-24T07:54:16.120,2018-08-24T07:54:16.123,,54:16.1,07:54:16,0,650,#N/A,#N/A,00:12:18,738.118,-1
pert-josh,M8@bmm,8,288,6559,3,567,NULL,1252489,1252489,1252489,1252540,LIMIT,BUY,1,635,2018-08-24T07:54:21.548,2018-08-24T07:56:33.089,,54:21.5,07:54:21,0,650,#N/A,#N/A,00:12:24,743.546,1
pert-josh,M3@bmm,3,288,6559,3,567,NULL,1252490,1252490,1252490,1252493,LIMIT,SELL,1,640,2018-08-24T07:54:22.697,2018-08-24T07:54:29.416,,54:22.7,07:54:22,0,650,#N/A,#N/A,00:12:25,744.695,-1
pert-josh,M1@bmm,1,288,6559,3,567,NULL,1252491,1252491,1252491,NULL,LIMIT,BUY,1,635,2018-08-24T07:54:22.715,2018-08-24T07:54:22.717,,54:22.7,07:54:22,0,650,#N/A,#N/A,00:12:25,744.713,1
pert-josh,M6@bmm,6,288,6559,3,567,NULL,1252492,1252492,1252492,1252507,LIMIT,BUY,1,630,2018-08-24T07:54:23.069,2018-08-24T07:54:57.979,,54:23.1,07:54:23,0,650,#N/A,#N/A,00:12:25,745.067,1
pert-josh,M1@bmm,1,288,6559,3,567,NULL,1252493,1252493,1252493,1252490,LIMIT,BUY,1,640,2018-08-24T07:54:29.410,2018-08-24T07:54:29.415,,54:29.4,07:54:29,1,650,640,-10,00:12:31,751.408,1
pert-josh,M5@bmm,5,288,6559,3,567,NULL,1252494,1252494,1252494,1252542,LIMIT,BUY,1,515,2018-08-24T07:54:31.521,2018-08-24T07:56:37.460,,54:31.5,07:54:31,0,650,#N/A,#N/A,00:12:34,753.519,1
pert-josh,M1@bmm,1,288,6559,3,567,NULL,1252495,1252495,1252495,1252511,LIMIT,SELL,1,645,2018-08-24T07:54:32.722,2018-08-24T07:55:03.986,,54:32.7,07:54:32,0,650,#N/A,#N/A,00:12:35,754.72,-1
pert-josh,M1@bmm,1,288,6559,3,567,NULL,1252496,1252464,1252464,1252464,CANCEL,BUY,1,625,2018-08-24T07:54:40.287,2018-08-24T07:54:40.291,,54:40.3,07:54:40,0,650,#N/A,#N/A,00:12:42,762.285,1
pert-josh,M1@bmm,1,288,6559,3,567,NULL,1252500,1252500,1252500,1252513,LIMIT,BUY,1,640,2018-08-24T07:54:48.235,2018-08-24T07:55:04.684,,54:48.2,07:54:48,0,650,#N/A,#N/A,00:12:50,770.233,1
pert-josh,M5@bmm,5,288,6559,3,567,NULL,1252501,1252501,1252501,1252527,LIMIT,SELL,1,750,2018-08-24T07:54:49.066,2018-08-24T07:55:55.325,,54:49.1,07:54:49,0,650,#N/A,#N/A,00:12:51,771.064,-1
pert-josh,M7@bmm,7,288,6559,3,567,NULL,1252503,1252503,1252503,1252550,LIMIT,BUY,1,640,2018-08-24T07:54:50.079,2018-08-24T07:56:48.733,,54:50.1,07:54:50,0,650,#N/A,#N/A,00:12:52,772.077,1
pert-josh,M6@bmm,6,288,6559,3,567,NULL,1252506,1252506,1252506,1252521,LIMIT,BUY,1,635,2018-08-24T07:54:56.439,2018-08-24T07:55:36.968,,54:56.4,07:54:56,0,650,#N/A,#N/A,00:12:58,778.437,1
pert-josh,M6@bmm,6,288,6559,3,567,NULL,1252507,1252492,1252492,1252492,CANCEL,BUY,1,630,2018-08-24T07:54:57.975,2018-08-24T07:54:57.979,,54:58.0,07:54:57,0,650,#N/A,#N/A,00:13:00,779.973,1
pert-josh,M3@bmm,3,288,6559,3,567,NULL,1252508,1252508,1252508,0,LIMIT,BUY,1,650,2018-08-24T07:54:58.836,2018-08-24T07:54:58.843,,54:58.8,07:54:58,0,650,#N/A,#N/A,00:13:01,780.834,1
pert-josh,M3@bmm,3,288,6559,3,567,NULL,1252509,1252508,1252508,1252486,LIMIT,BUY,1,645,2018-08-24T07:54:58.840,2018-08-24T07:54:58.843,,54:58.8,07:54:58,1,650,645,-5,00:13:01,780.838,1
pert-josh,M6@bmm,6,288,6559,3,567,NULL,1252511,1252511,1252511,1252495,LIMIT,BUY,1,645,2018-08-24T07:55:03.981,2018-08-24T07:55:03.986,,55:04.0,07:55:03,1,650,645,-5,00:13:06,785.979,1
pert-josh,M8@bmm,8,288,6559,3,567,NULL,1252512,1252512,1252512,0,LIMIT,SELL,1,635,2018-08-24T07:55:04.676,2018-08-24T07:55:04.683,,55:04.7,07:55:04,0,650,#N/A,#N/A,00:13:07,786.674,-1
pert-josh,M8@bmm,8,288,6559,3,567,NULL,1252513,1252512,1252512,1252500,LIMIT,SELL,1,640,2018-08-24T07:55:04.680,2018-08-24T07:55:04.684,,55:04.7,07:55:04,1,650,640,-10,00:13:07,786.678,-1
pert-josh,M1@bmm,1,288,6559,3,567,NULL,1252515,1252515,1252515,1252518,LIMIT,SELL,1,645,2018-08-24T07:55:11.851,2018-08-24T07:55:27.332,,55:11.9,07:55:11,0,650,#N/A,#N/A,00:13:14,793.849,-1
pert-josh,M5@bmm,5,288,6559,3,567,NULL,1252516,1252516,1252516,1252528,LIMIT,SELL,1,660,2018-08-24T07:55:15.002,2018-08-24T07:55:57.370,,55:15.0,07:55:15,0,650,#N/A,#N/A,00:13:17,797,-1
pert-josh,M8@bmm,8,288,6559,3,567,NULL,1252517,1252517,1252517,0,LIMIT,BUY,1,650,2018-08-24T07:55:27.325,2018-08-24T07:55:27.332,,55:27.3,07:55:27,0,650,#N/A,#N/A,00:13:29,809.323,1
pert-josh,M8@bmm,8,288,6559,3,567,NULL,1252518,1252517,1252517,1252515,LIMIT,BUY,1,645,2018-08-24T07:55:27.329,2018-08-24T07:55:27.332,,55:27.3,07:55:27,1,650,645,-5,00:13:29,809.327,1
pert-josh,M8@bmm,8,288,6559,3,567,NULL,1252519,1252519,1252519,1252465,LIMIT,BUY,1,650,2018-08-24T07:55:33.062,2018-08-24T07:55:33.068,,55:33.1,07:55:33,1,650,650,0,00:13:35,815.06,1
pert-josh,M6@bmm,6,288,6559,3,567,NULL,1252520,1252520,1252520,NULL,LIMIT,BUY,1,640,2018-08-24T07:55:35.366,2018-08-24T07:55:35.368,,55:35.4,07:55:35,0,650,#N/A,#N/A,00:13:37,817.364,1
pert-josh,M6@bmm,6,288,6559,3,567,NULL,1252521,1252506,1252506,1252506,CANCEL,BUY,1,635,2018-08-24T07:55:36.964,2018-08-24T07:55:36.968,,55:37.0,07:55:36,0,650,#N/A,#N/A,00:13:39,818.962,1
pert-josh,M3@bmm,3,288,6559,3,567,NULL,1252522,1252522,1252522,1252533,LIMIT,SELL,1,650,2018-08-24T07:55:37.221,2018-08-24T07:56:14.342,,55:37.2,07:55:37,0,650,#N/A,#N/A,00:13:39,819.219,-1
pert-josh,M1@bmm,1,288,6559,3,567,NULL,1252523,1252523,1252523,1252525,LIMIT,SELL,1,645,2018-08-24T07:55:42.291,2018-08-24T07:55:48.781,,55:42.3,07:55:42,0,650,#N/A,#N/A,00:13:44,824.289,-1
pert-josh,M8@bmm,8,288,6559,3,567,NULL,1252524,1252524,1252524,0,LIMIT,BUY,1,650,2018-08-24T07:55:48.774,2018-08-24T07:55:48.781,,55:48.8,07:55:48,0,650,#N/A,#N/A,00:13:51,830.772,1
pert-josh,M8@bmm,8,288,6559,3,567,NULL,1252525,1252524,1252524,1252523,LIMIT,BUY,1,645,2018-08-24T07:55:48.779,2018-08-24T07:55:48.782,,55:48.8,07:55:48,1,650,645,-5,00:13:51,830.777,1
pert-josh,M5@bmm,5,288,6559,3,567,NULL,1252526,1252526,1252526,1252541,LIMIT,BUY,1,600,2018-08-24T07:55:51.482,2018-08-24T07:56:35.105,,55:51.5,07:55:51,0,650,#N/A,#N/A,00:13:53,833.48,1
pert-josh,M5@bmm,5,288,6559,3,567,NULL,1252527,1252501,1252501,1252501,CANCEL,SELL,1,750,2018-08-24T07:55:55.321,2018-08-24T07:55:55.325,,55:55.3,07:55:55,0,650,#N/A,#N/A,00:13:57,837.319,-1
pert-josh,M5@bmm,5,288,6559,3,567,NULL,1252528,1252516,1252516,1252516,CANCEL,SELL,1,660,2018-08-24T07:55:57.366,2018-08-24T07:55:57.370,,55:57.4,07:55:57,0,650,#N/A,#N/A,00:13:59,839.364,-1
pert-josh,M1@bmm,1,288,6559,3,567,NULL,1252529,1252529,1252529,1252547,LIMIT,BUY,1,645,2018-08-24T07:55:58.186,2018-08-24T07:56:44.545,,55:58.2,07:55:58,0,650,#N/A,#N/A,00:14:00,840.184,1
pert-josh,M5@bmm,5,288,6559,3,567,NULL,1252530,1252487,1252487,1252487,CANCEL,SELL,1,650,2018-08-24T07:55:59.144,2018-08-24T07:55:59.147,,55:59.1,07:55:59,0,650,#N/A,#N/A,00:14:01,841.142,-1
pert-josh,M3@bmm,3,288,6559,3,567,NULL,1252531,1252531,1252531,1252481,LIMIT,BUY,1,650,2018-08-24T07:56:04.204,2018-08-24T07:56:04.208,,56:04.2,07:56:04,1,650,650,0,00:14:06,846.202,1
pert-josh,M8@bmm,8,288,6559,3,567,NULL,1252532,1252532,1252532,1252539,LIMIT,SELL,1,650,2018-08-24T07:56:12.814,2018-08-24T07:56:32.856,,56:12.8,07:56:12,0,650,#N/A,#N/A,00:14:15,854.812,-1
pert-josh,M5@bmm,5,288,6559,3,567,NULL,1252533,1252533,1252533,1252522,LIMIT,BUY,1,650,2018-08-24T07:56:14.338,2018-08-24T07:56:14.342,,56:14.3,07:56:14,1,650,650,0,00:14:16,856.336,1
pert-josh,M3@bmm,3,288,6559,3,567,NULL,1252534,1252534,1252534,NULL,LIMIT,SELL,1,650,2018-08-24T07:56:18.659,2018-08-24T07:56:18.661,,56:18.7,07:56:18,0,650,#N/A,#N/A,00:14:21,860.657,-1
pert-josh,M3@bmm,3,288,6559,3,567,NULL,1252535,1252535,1252535,NULL,LIMIT,SELL,1,655,2018-08-24T07:56:19.916,2018-08-24T07:56:19.919,,56:19.9,07:56:19,0,650,#N/A,#N/A,00:14:22,861.914,-1
pert-josh,M5@bmm,5,288,6559,3,567,NULL,1252536,1252536,1252536,1252546,LIMIT,SELL,1,665,2018-08-24T07:56:25.436,2018-08-24T07:56:42.132,,56:25.4,07:56:25,0,650,#N/A,#N/A,00:14:27,867.434,-1
pert-josh,M6@bmm,6,288,6559,3,567,NULL,1252539,1252539,1252539,1252532,LIMIT,BUY,1,650,2018-08-24T07:56:32.844,2018-08-24T07:56:32.856,,56:32.8,07:56:32,1,650,650,0,00:14:35,874.842,1
pert-josh,M8@bmm,8,288,6559,3,567,NULL,1252540,1252489,1252489,1252489,CANCEL,BUY,1,635,2018-08-24T07:56:33.081,2018-08-24T07:56:33.088,,56:33.1,07:56:33,0,650,#N/A,#N/A,00:14:35,875.079,1
pert-josh,M5@bmm,5,288,6559,3,567,NULL,1252541,1252526,1252526,1252526,CANCEL,BUY,1,600,2018-08-24T07:56:35.097,2018-08-24T07:56:35.105,,56:35.1,07:56:35,0,650,#N/A,#N/A,00:14:37,877.095,1
pert-josh,M5@bmm,5,288,6559,3,567,NULL,1252542,1252494,1252494,1252494,CANCEL,BUY,1,515,2018-08-24T07:56:37.455,2018-08-24T07:56:37.460,,56:37.5,07:56:37,0,650,#N/A,#N/A,00:14:39,879.453,1
pert-josh,M7@bmm,7,288,6559,3,567,NULL,1252543,1252543,1252543,1252548,LIMIT,BUY,1,645,2018-08-24T07:56:37.713,2018-08-24T07:56:47.406,,56:37.7,07:56:37,0,650,#N/A,#N/A,00:14:40,879.711,1
pert-josh,M5@bmm,5,288,6559,3,567,NULL,1252544,1252466,1252466,1252466,CANCEL,BUY,1,415,2018-08-24T07:56:37.924,2018-08-24T07:56:37.928,,56:37.9,07:56:37,0,650,#N/A,#N/A,00:14:40,879.922,1
pert-josh,M6@bmm,6,288,6559,3,567,NULL,1252545,1252545,1252545,NULL,LIMIT,SELL,1,655,2018-08-24T07:56:40.910,2018-08-24T07:56:40.911,,56:40.9,07:56:40,0,650,#N/A,#N/A,00:14:43,882.908,-1
pert-josh,M5@bmm,5,288,6559,3,567,NULL,1252546,1252536,1252536,1252536,CANCEL,SELL,1,665,2018-08-24T07:56:42.128,2018-08-24T07:56:42.132,,56:42.1,07:56:42,0,650,#N/A,#N/A,00:14:44,884.126,-1
pert-josh,M1@bmm,1,288,6559,3,567,NULL,1252547,1252547,1252547,1252529,LIMIT,SELL,1,645,2018-08-24T07:56:44.540,2018-08-24T07:56:44.545,,56:44.5,07:56:44,1,650,645,-5,00:14:47,886.538,-1
pert-josh,M1@bmm,1,288,6559,3,567,NULL,1252548,1252548,1252548,1252543,LIMIT,SELL,1,645,2018-08-24T07:56:47.401,2018-08-24T07:56:47.406,,56:47.4,07:56:47,1,650,645,-5,00:14:49,889.399,-1
pert-josh,M8@bmm,8,288,6559,3,567,NULL,1252549,1252549,1252549,0,LIMIT,SELL,1,635,2018-08-24T07:56:48.726,2018-08-24T07:56:48.732,,56:48.7,07:56:48,0,650,#N/A,#N/A,00:14:51,890.724,-1
pert-josh,M8@bmm,8,288,6559,3,567,NULL,1252550,1252549,1252549,1252503,LIMIT,SELL,1,640,2018-08-24T07:56:48.730,2018-08-24T07:56:48.733,,56:48.7,07:56:48,1,650,640,-10,00:14:51,890.728,-1
pert-josh,M5@bmm,5,288,6559,3,567,NULL,1252551,1252551,1252551,NULL,LIMIT,SELL,1,665,2018-08-24T07:56:49.459,2018-08-24T07:56:49.462,,56:49.5,07:56:49,0,650,#N/A,#N/A,00:14:51,891.457,-1
pert-josh,M1@bmm,1,288,6559,3,567,NULL,1252552,1252552,1252552,NULL,LIMIT,SELL,1,645,2018-08-24T07:56:53.469,2018-08-24T07:56:53.471,,56:53.5,07:56:53,0,650,#N/A,#N/A,00:14:55,895.467,-1
pert-josh,M8@bmm,8,288,6560,4,567,NULL,1252553,1252553,1252553,1252560,LIMIT,SELL,1,585,2018-08-24T07:57:35.603,2018-08-24T07:57:41.076,,57:35.6,07:57:35,0,600,#N/A,#N/A,00:15:38,937.601,-1
pert-josh,M3@bmm,3,288,6560,4,567,NULL,1252554,1252554,1252554,NULL,LIMIT,SELL,1,705,2018-08-24T07:57:36.433,2018-08-24T07:57:36.436,,57:36.4,07:57:36,0,600,#N/A,#N/A,00:15:38,938.431,-1
pert-josh,M6@bmm,6,288,6560,4,567,NULL,1252555,1252555,1252555,NULL,LIMIT,SELL,1,685,2018-08-24T07:57:38.633,2018-08-24T07:57:38.635,,57:38.6,07:57:38,0,600,#N/A,#N/A,00:15:41,940.631,-1
pert-josh,M3@bmm,3,288,6560,4,567,NULL,1252556,1252556,1252556,NULL,LIMIT,BUY,1,575,2018-08-24T07:57:39.802,2018-08-24T07:57:39.805,,57:39.8,07:57:39,0,600,#N/A,#N/A,00:15:42,941.8,1
pert-josh,M4@bmm,4,288,6560,4,567,NULL,1252557,1252557,1252557,NULL,LIMIT,SELL,1,605,2018-08-24T07:57:39.926,2018-08-24T07:57:39.929,,57:39.9,07:57:39,0,600,#N/A,#N/A,00:15:42,941.924,-1
pert-josh,M4@bmm,4,288,6560,4,567,NULL,1252558,1252558,1252558,NULL,LIMIT,SELL,1,605,2018-08-24T07:57:40.177,2018-08-24T07:57:40.179,,57:40.2,07:57:40,0,600,#N/A,#N/A,00:15:42,942.175,-1
pert-josh,M4@bmm,4,288,6560,4,567,NULL,1252559,1252559,1252559,NULL,LIMIT,SELL,1,605,2018-08-24T07:57:40.300,2018-08-24T07:57:40.302,,57:40.3,07:57:40,0,600,#N/A,#N/A,00:15:42,942.298,-1
pert-josh,M8@bmm,8,288,6560,4,567,NULL,1252560,1252553,1252553,1252553,CANCEL,SELL,1,585,2018-08-24T07:57:41.072,2018-08-24T07:57:41.076,,57:41.1,07:57:41,0,600,#N/A,#N/A,00:15:43,943.07,-1
pert-josh,M3@bmm,3,288,6560,4,567,NULL,1252562,1252562,1252562,NULL,LIMIT,BUY,1,580,2018-08-24T07:57:41.306,2018-08-24T07:57:41.308,,57:41.3,07:57:41,0,600,#N/A,#N/A,00:15:43,943.304,1
pert-josh,M3@bmm,3,288,6560,4,567,NULL,1252563,1252563,1252563,NULL,LIMIT,BUY,1,585,2018-08-24T07:57:43.187,2018-08-24T07:57:43.189,,57:43.2,07:57:43,0,600,#N/A,#N/A,00:15:45,945.185,1
pert-josh,M6@bmm,6,288,6560,4,567,NULL,1252564,1252564,1252564,NULL,LIMIT,BUY,1,585,2018-08-24T07:57:43.318,2018-08-24T07:57:43.324,,57:43.3,07:57:43,0,600,#N/A,#N/A,00:15:45,945.316,1
pert-josh,M4@bmm,4,288,6560,4,567,NULL,1252566,1252566,1252566,1252567,LIMIT,BUY,1,590,2018-08-24T07:57:45.530,2018-08-24T07:57:46.763,,57:45.5,07:57:45,0,600,#N/A,#N/A,00:15:48,947.528,1
pert-josh,M1@bmm,1,288,6560,4,567,NULL,1252567,1252567,1252567,1252566,LIMIT,SELL,1,590,2018-08-24T07:57:46.757,2018-08-24T07:57:46.762,,57:46.8,07:57:46,1,600,590,-10,00:15:49,948.755,-1
pert-josh,M4@bmm,4,288,6560,4,567,NULL,1252568,1252568,1252568,1252570,LIMIT,BUY,1,590,2018-08-24T07:57:46.985,2018-08-24T07:57:47.744,,57:47.0,07:57:46,0,600,#N/A,#N/A,00:15:49,948.983,1
pert-josh,M5@bmm,5,288,6560,4,567,NULL,1252570,1252570,1252570,1252568,LIMIT,SELL,1,590,2018-08-24T07:57:47.740,2018-08-24T07:57:47.744,,57:47.7,07:57:47,1,600,590,-10,00:15:50,949.738,-1
pert-josh,M1@bmm,1,288,6560,4,567,NULL,1252571,1252571,1252571,1252584,LIMIT,SELL,1,590,2018-08-24T07:57:48.498,2018-08-24T07:57:58.619,,57:48.5,07:57:48,0,600,#N/A,#N/A,00:15:50,950.496,-1
pert-josh,M2@bmm,2,288,6560,4,567,NULL,1252572,1252572,1252572,1252604,LIMIT,SELL,1,600,2018-08-24T07:57:48.677,2018-08-24T07:58:31.183,,57:48.7,07:57:48,0,600,#N/A,#N/A,00:15:51,950.675,-1
pert-josh,M1@bmm,1,288,6560,4,567,NULL,1252574,1252574,1252574,1252599,LIMIT,SELL,1,595,2018-08-24T07:57:50.618,2018-08-24T07:58:15.852,,57:50.6,07:57:50,0,600,#N/A,#N/A,00:15:53,952.616,-1
pert-josh,M8@bmm,8,288,6560,4,567,NULL,1252575,1252575,1252575,1252624,LIMIT,SELL,1,625,2018-08-24T07:57:52.117,2018-08-24T07:59:00.891,,57:52.1,07:57:52,0,600,#N/A,#N/A,00:15:54,954.115,-1
pert-josh,M1@bmm,1,288,6560,4,567,NULL,1252576,1252576,1252576,1252609,LIMIT,SELL,1,600,2018-08-24T07:57:52.243,2018-08-24T07:58:40.497,,57:52.2,07:57:52,0,600,#N/A,#N/A,00:15:54,954.241,-1
pert-josh,M7@bmm,7,288,6560,4,567,NULL,1252578,1252578,1252578,1252582,LIMIT,SELL,1,590,2018-08-24T07:57:52.499,2018-08-24T07:57:56.471,,57:52.5,07:57:52,0,600,#N/A,#N/A,00:15:54,954.497,-1
pert-josh,M5@bmm,5,288,6560,4,567,NULL,1252580,1252580,1252580,1252614,LIMIT,SELL,1,705,2018-08-24T07:57:54.883,2018-08-24T07:58:47.430,,57:54.9,07:57:54,0,600,#N/A,#N/A,00:15:57,956.881,-1
pert-josh,M7@bmm,7,288,6560,4,567,NULL,1252582,1252578,1252578,1252578,CANCEL,SELL,1,590,2018-08-24T07:57:56.467,2018-08-24T07:57:56.471,,57:56.5,07:57:56,0,600,#N/A,#N/A,00:15:58,958.465,-1
pert-josh,M3@bmm,3,288,6560,4,567,NULL,1252583,1252583,1252583,1252638,LIMIT,SELL,1,600,2018-08-24T07:57:57.835,2018-08-24T07:59:33.033,,57:57.8,07:57:57,0,600,#N/A,#N/A,00:16:00,959.833,-1
pert-josh,M7@bmm,7,288,6560,4,567,NULL,1252584,1252584,1252584,1252571,LIMIT,BUY,1,590,2018-08-24T07:57:58.615,2018-08-24T07:57:58.619,,57:58.6,07:57:58,1,600,590,-10,00:16:01,960.613,1
pert-josh,M5@bmm,5,288,6560,4,567,NULL,1252585,1252585,1252585,NULL,LIMIT,BUY,1,525,2018-08-24T07:58:01.045,2018-08-24T07:58:01.047,,58:01.0,07:58:01,0,600,#N/A,#N/A,00:16:03,963.043,1
pert-josh,M7@bmm,7,288,6560,4,567,NULL,1252586,1252586,1252586,1252677,LIMIT,BUY,1,590,2018-08-24T07:58:01.975,2018-08-24T08:00:56.444,,58:02.0,07:58:01,0,600,#N/A,#N/A,00:16:04,963.973,1
pert-josh,M3@bmm,3,288,6560,4,567,NULL,1252587,1252587,1252587,NULL,LIMIT,SELL,1,615,2018-08-24T07:58:02.051,2018-08-24T07:58:02.053,,58:02.1,07:58:02,0,600,#N/A,#N/A,00:16:04,964.049,-1
pert-josh,M1@bmm,1,288,6560,4,567,NULL,1252588,1252588,1252588,1252678,LIMIT,BUY,1,590,2018-08-24T07:58:02.687,2018-08-24T08:01:00.252,,58:02.7,07:58:02,0,600,#N/A,#N/A,00:16:05,964.685,1
pert-josh,M5@bmm,5,288,6560,4,567,NULL,1252589,1252589,1252589,1252647,LIMIT,BUY,1,460,2018-08-24T07:58:03.556,2018-08-24T07:59:58.727,,58:03.6,07:58:03,0,600,#N/A,#N/A,00:16:06,965.554,1
pert-josh,M3@bmm,3,288,6560,4,567,NULL,1252590,1252590,1252590,NULL,LIMIT,SELL,1,620,2018-08-24T07:58:05.156,2018-08-24T07:58:05.158,,58:05.2,07:58:05,0,600,#N/A,#N/A,00:16:07,967.154,-1
pert-josh,M3@bmm,3,288,6560,4,567,NULL,1252592,1252592,1252592,NULL,LIMIT,SELL,1,625,2018-08-24T07:58:06.084,2018-08-24T07:58:06.087,,58:06.1,07:58:06,0,600,#N/A,#N/A,00:16:08,968.082,-1
pert-josh,M7@bmm,7,288,6560,4,567,NULL,1252594,1252594,1252594,1252650,LIMIT,SELL,1,600,2018-08-24T07:58:07.870,2018-08-24T08:00:02.049,,58:07.9,07:58:07,0,600,#N/A,#N/A,00:16:10,969.868,-1
pert-josh,M7@bmm,7,288,6560,4,567,NULL,1252597,1252597,1252597,NULL,LIMIT,SELL,1,600,2018-08-24T07:58:12.870,2018-08-24T07:58:12.872,,58:12.9,07:58:12,0,600,#N/A,#N/A,00:16:15,974.868,-1
pert-josh,M8@bmm,8,288,6560,4,567,NULL,1252598,1252598,1252598,0,LIMIT,BUY,1,605,2018-08-24T07:58:15.845,2018-08-24T07:58:15.852,,58:15.8,07:58:15,0,600,#N/A,#N/A,00:16:18,977.843,1
pert-josh,M8@bmm,8,288,6560,4,567,NULL,1252599,1252598,1252598,1252574,LIMIT,BUY,1,595,2018-08-24T07:58:15.849,2018-08-24T07:58:15.852,,58:15.8,07:58:15,1,600,595,-5,00:16:18,977.847,1
pert-josh,M5@bmm,5,288,6560,4,567,NULL,1252600,1252600,1252600,1252642,LIMIT,SELL,1,605,2018-08-24T07:58:16.924,2018-08-24T07:59:37.572,,58:16.9,07:58:16,0,600,#N/A,#N/A,00:16:19,978.922,-1
pert-josh,M7@bmm,7,288,6560,4,567,NULL,1252601,1252601,1252601,1252680,LIMIT,BUY,1,590,2018-08-24T07:58:19.127,2018-08-24T08:01:04.006,,58:19.1,07:58:19,0,600,#N/A,#N/A,00:16:21,981.125,1
pert-josh,M1@bmm,1,288,6560,4,567,NULL,1252602,1252602,1252602,1252618,LIMIT,BUY,1,595,2018-08-24T07:58:19.762,2018-08-24T07:58:50.136,,58:19.8,07:58:19,0,600,#N/A,#N/A,00:16:22,981.76,1
pert-josh,M8@bmm,8,288,6560,4,567,NULL,1252603,1252603,1252603,0,LIMIT,BUY,1,605,2018-08-24T07:58:31.175,2018-08-24T07:58:31.183,,58:31.2,07:58:31,0,600,#N/A,#N/A,00:16:33,993.173,1
pert-josh,M8@bmm,8,288,6560,4,567,NULL,1252604,1252603,1252603,1252572,LIMIT,BUY,1,600,2018-08-24T07:58:31.180,2018-08-24T07:58:31.184,,58:31.2,07:58:31,1,600,600,0,00:16:33,993.178,1
pert-josh,M5@bmm,5,288,6560,4,567,NULL,1252605,1252605,1252605,1252641,LIMIT,SELL,1,600,2018-08-24T07:58:36.980,2018-08-24T07:59:36.799,,58:37.0,07:58:36,0,600,#N/A,#N/A,00:16:39,998.978,-1
pert-josh,M3@bmm,3,288,6560,4,567,NULL,1252609,1252609,1252609,1252576,LIMIT,BUY,1,600,2018-08-24T07:58:40.492,2018-08-24T07:58:40.497,,58:40.5,07:58:40,1,600,600,0,00:16:42,1002.49,1
pert-josh,M2@bmm,2,288,6560,4,567,NULL,1252612,1252612,1252612,1252617,LIMIT,SELL,4,605,2018-08-24T07:58:42.787,2018-08-24T07:58:49.771,,58:42.8,07:58:42,0,600,#N/A,#N/A,00:16:45,1004.785,-1
pert-josh,M7@bmm,7,288,6560,4,567,NULL,1252613,1252613,1252613,NULL,LIMIT,SELL,1,600,2018-08-24T07:58:46.335,2018-08-24T07:58:46.337,,58:46.3,07:58:46,0,600,#N/A,#N/A,00:16:48,1008.333,-1
pert-josh,M5@bmm,5,288,6560,4,567,NULL,1252614,1252580,1252580,1252580,CANCEL,SELL,1,705,2018-08-24T07:58:47.426,2018-08-24T07:58:47.430,,58:47.4,07:58:47,0,600,#N/A,#N/A,00:16:49,1009.424,-1
pert-josh,M7@bmm,7,288,6560,4,567,NULL,1252615,1252615,1252615,NULL,LIMIT,SELL,1,600,2018-08-24T07:58:47.447,2018-08-24T07:58:47.449,,58:47.4,07:58:47,0,600,#N/A,#N/A,00:16:49,1009.445,-1
pert-josh,M2@bmm,2,288,6560,4,567,NULL,1252617,1252612,1252612,1252612,CANCEL,SELL,4,605,2018-08-24T07:58:49.767,2018-08-24T07:58:49.771,,58:49.8,07:58:49,0,600,#N/A,#N/A,00:16:52,1011.765,-1
pert-josh,M1@bmm,1,288,6560,4,567,NULL,1252618,1252618,1252618,1252602,LIMIT,SELL,1,595,2018-08-24T07:58:50.131,2018-08-24T07:58:50.136,,58:50.1,07:58:50,1,600,595,-5,00:16:52,1012.129,-1
pert-josh,M1@bmm,1,288,6560,4,567,NULL,1252619,1252619,1252619,1252633,LIMIT,SELL,1,595,2018-08-24T07:58:51.801,2018-08-24T07:59:25.846,,58:51.8,07:58:51,0,600,#N/A,#N/A,00:16:54,1013.799,-1
pert-josh,M2@bmm,2,288,6560,4,567,NULL,1252620,1252620,1252620,1252664,LIMIT,SELL,1,605,2018-08-24T07:58:52.322,2018-08-24T08:00:31.425,,58:52.3,07:58:52,0,600,#N/A,#N/A,00:16:54,1014.32,-1
pert-josh,M5@bmm,5,288,6560,4,567,NULL,1252623,1252623,1252623,NULL,LIMIT,SELL,1,615,2018-08-24T07:58:58.460,2018-08-24T07:58:58.462,,58:58.5,07:58:58,0,600,#N/A,#N/A,00:17:00,1020.458,-1
pert-josh,M8@bmm,8,288,6560,4,567,NULL,1252624,1252575,1252575,1252575,CANCEL,SELL,1,625,2018-08-24T07:59:00.887,2018-08-24T07:59:00.891,,59:00.9,07:59:00,0,600,#N/A,#N/A,00:17:03,1022.885,-1
pert-josh,M6@bmm,6,288,6560,4,567,NULL,1252625,1252625,1252625,NULL,LIMIT,BUY,1,480,2018-08-24T07:59:05.964,2018-08-24T07:59:05.966,,59:06.0,07:59:05,0,600,#N/A,#N/A,00:17:08,1027.962,1
pert-josh,M8@bmm,8,288,6560,4,567,NULL,1252632,1252632,1252632,0,LIMIT,BUY,1,605,2018-08-24T07:59:25.839,2018-08-24T07:59:25.846,,59:25.8,07:59:25,0,600,#N/A,#N/A,00:17:28,1047.837,1
pert-josh,M8@bmm,8,288,6560,4,567,NULL,1252633,1252632,1252632,1252619,LIMIT,BUY,1,595,2018-08-24T07:59:25.843,2018-08-24T07:59:25.846,,59:25.8,07:59:25,1,600,595,-5,00:17:28,1047.841,1
pert-josh,M5@bmm,5,288,6560,4,567,NULL,1252635,1252635,1252635,NULL,LIMIT,BUY,1,560,2018-08-24T07:59:30.965,2018-08-24T07:59:30.967,,59:31.0,07:59:30,0,600,#N/A,#N/A,00:17:33,1052.963,1
pert-josh,M8@bmm,8,288,6560,4,567,NULL,1252637,1252637,1252637,0,LIMIT,BUY,1,605,2018-08-24T07:59:33.024,2018-08-24T07:59:33.033,,59:33.0,07:59:33,0,600,#N/A,#N/A,00:17:35,1055.022,1
pert-josh,M8@bmm,8,288,6560,4,567,NULL,1252638,1252637,1252637,1252583,LIMIT,BUY,1,600,2018-08-24T07:59:33.030,2018-08-24T07:59:33.033,,59:33.0,07:59:33,1,600,600,0,00:17:35,1055.028,1
pert-josh,M5@bmm,5,288,6560,4,567,NULL,1252641,1252605,1252605,1252605,CANCEL,SELL,1,600,2018-08-24T07:59:36.795,2018-08-24T07:59:36.798,,59:36.8,07:59:36,0,600,#N/A,#N/A,00:17:39,1058.793,-1
pert-josh,M5@bmm,5,288,6560,4,567,NULL,1252642,1252600,1252600,1252600,CANCEL,SELL,1,605,2018-08-24T07:59:37.568,2018-08-24T07:59:37.571,,59:37.6,07:59:37,0,600,#N/A,#N/A,00:17:40,1059.566,-1
pert-josh,M1@bmm,1,288,6560,4,567,NULL,1252643,1252643,1252643,NULL,LIMIT,BUY,1,590,2018-08-24T07:59:41.001,2018-08-24T07:59:41.008,,59:41.0,07:59:41,0,600,#N/A,#N/A,00:17:43,1062.999,1
pert-josh,M1@bmm,1,288,6560,4,567,NULL,1252644,1252644,1252644,1252648,LIMIT,SELL,1,595,2018-08-24T07:59:44.538,2018-08-24T08:00:00.040,,59:44.5,07:59:44,0,600,#N/A,#N/A,00:17:47,1066.536,-1
pert-josh,M5@bmm,5,288,6560,4,567,NULL,1252645,1252645,1252645,NULL,LIMIT,SELL,1,635,2018-08-24T07:59:47.308,2018-08-24T07:59:47.311,,59:47.3,07:59:47,0,600,#N/A,#N/A,00:17:49,1069.306,-1
pert-josh,M2@bmm,2,288,6560,4,567,NULL,1252646,1252646,1252646,1252663,LIMIT,SELL,1,600,2018-08-24T07:59:52.964,2018-08-24T08:00:30.561,,59:53.0,07:59:52,0,600,#N/A,#N/A,00:17:55,1074.962,-1
pert-josh,M5@bmm,5,288,6560,4,567,NULL,1252647,1252589,1252589,1252589,CANCEL,BUY,1,460,2018-08-24T07:59:58.722,2018-08-24T07:59:58.727,,59:58.7,07:59:58,0,600,#N/A,#N/A,00:18:01,1080.72,1
pert-josh,M6@bmm,6,288,6560,4,567,NULL,1252648,1252648,1252648,1252644,LIMIT,BUY,1,595,2018-08-24T08:00:00.035,2018-08-24T08:00:00.039,,00:00.0,08:00:00,1,600,595,-5,00:18:02,1082.033,1
pert-josh,M8@bmm,8,288,6560,4,567,NULL,1252649,1252649,1252649,0,LIMIT,BUY,1,605,2018-08-24T08:00:02.031,2018-08-24T08:00:02.049,,00:02.0,08:00:02,0,600,#N/A,#N/A,00:18:04,1084.029,1
pert-josh,M8@bmm,8,288,6560,4,567,NULL,1252650,1252649,1252649,1252594,LIMIT,BUY,1,600,2018-08-24T08:00:02.043,2018-08-24T08:00:02.049,,00:02.0,08:00:02,1,600,600,0,00:18:04,1084.041,1
pert-josh,M5@bmm,5,288,6560,4,567,NULL,1252651,1252651,1252651,1252654,LIMIT,BUY,1,480,2018-08-24T08:00:04.925,2018-08-24T08:00:09.421,,00:04.9,08:00:04,0,600,#N/A,#N/A,00:18:07,1086.923,1
pert-josh,M6@bmm,6,288,6560,4,567,NULL,1252652,1252652,1252652,NULL,LIMIT,SELL,1,610,2018-08-24T08:00:05.002,2018-08-24T08:00:05.006,,00:05.0,08:00:05,0,600,#N/A,#N/A,00:18:07,1087,-1
pert-josh,M3@bmm,3,288,6560,4,567,NULL,1252653,1252653,1252653,1252656,LIMIT,BUY,1,595,2018-08-24T08:00:07.580,2018-08-24T08:00:13.089,,00:07.6,08:00:07,0,600,#N/A,#N/A,00:18:10,1089.578,1
pert-josh,M5@bmm,5,288,6560,4,567,NULL,1252654,1252651,1252651,1252651,CANCEL,BUY,1,480,2018-08-24T08:00:09.417,2018-08-24T08:00:09.421,,00:09.4,08:00:09,0,600,#N/A,#N/A,00:18:11,1091.415,1
pert-josh,M8@bmm,8,288,6560,4,567,NULL,1252655,1252655,1252655,0,LIMIT,SELL,1,590,2018-08-24T08:00:13.080,2018-08-24T08:00:13.089,,00:13.1,08:00:13,0,600,#N/A,#N/A,00:18:15,1095.078,-1
pert-josh,M8@bmm,8,288,6560,4,567,NULL,1252656,1252655,1252655,1252653,LIMIT,SELL,1,595,2018-08-24T08:00:13.086,2018-08-24T08:00:13.089,,00:13.1,08:00:13,1,600,595,-5,00:18:15,1095.084,-1
pert-josh,M1@bmm,1,288,6560,4,567,NULL,1252657,1252657,1252657,1252660,LIMIT,BUY,1,595,2018-08-24T08:00:15.496,2018-08-24T08:00:24.137,,00:15.5,08:00:15,0,600,#N/A,#N/A,00:18:17,1097.494,1
pert-josh,M3@bmm,3,288,6560,4,567,NULL,1252658,1252658,1252658,1252662,LIMIT,BUY,1,595,2018-08-24T08:00:15.998,2018-08-24T08:00:24.961,,00:16.0,08:00:15,0,600,#N/A,#N/A,00:18:18,1097.996,1
pert-josh,M8@bmm,8,288,6560,4,567,NULL,1252659,1252659,1252659,0,LIMIT,SELL,1,590,2018-08-24T08:00:24.128,2018-08-24T08:00:24.137,,00:24.1,08:00:24,0,600,#N/A,#N/A,00:18:26,1106.126,-1
pert-josh,M8@bmm,8,288,6560,4,567,NULL,1252660,1252659,1252659,1252657,LIMIT,SELL,1,595,2018-08-24T08:00:24.133,2018-08-24T08:00:24.137,,00:24.1,08:00:24,1,600,595,-5,00:18:26,1106.131,-1
pert-josh,M6@bmm,6,288,6560,4,567,NULL,1252661,1252661,1252661,1252667,LIMIT,BUY,1,595,2018-08-24T08:00:24.242,2018-08-24T08:00:40.909,,00:24.2,08:00:24,0,600,#N/A,#N/A,00:18:26,1106.24,1
pert-josh,M2@bmm,2,288,6560,4,567,NULL,1252662,1252662,1252662,1252658,LIMIT,SELL,1,595,2018-08-24T08:00:24.952,2018-08-24T08:00:24.961,,00:25.0,08:00:24,1,600,595,-5,00:18:27,1106.95,-1
pert-josh,M2@bmm,2,288,6560,4,567,NULL,1252663,1252646,1252646,1252646,CANCEL,SELL,1,600,2018-08-24T08:00:30.556,2018-08-24T08:00:30.561,,00:30.6,08:00:30,0,600,#N/A,#N/A,00:18:33,1112.554,-1
pert-josh,M2@bmm,2,288,6560,4,567,NULL,1252664,1252620,1252620,1252620,CANCEL,SELL,1,605,2018-08-24T08:00:31.421,2018-08-24T08:00:31.425,,00:31.4,08:00:31,0,600,#N/A,#N/A,00:18:33,1113.419,-1
pert-josh,M3@bmm,3,288,6560,4,567,NULL,1252665,1252665,1252665,1252669,LIMIT,BUY,1,595,2018-08-24T08:00:39.951,2018-08-24T08:00:46.984,,00:40.0,08:00:39,0,600,#N/A,#N/A,00:18:42,1121.949,1
pert-josh,M5@bmm,5,288,6560,4,567,NULL,1252666,1252666,1252666,0,LIMIT,SELL,1,590,2018-08-24T08:00:40.901,2018-08-24T08:00:40.909,,00:40.9,08:00:40,0,600,#N/A,#N/A,00:18:43,1122.899,-1
pert-josh,M5@bmm,5,288,6560,4,567,NULL,1252667,1252666,1252666,1252661,LIMIT,SELL,1,595,2018-08-24T08:00:40.906,2018-08-24T08:00:40.909,,00:40.9,08:00:40,1,600,595,-5,00:18:43,1122.904,-1
pert-josh,M6@bmm,6,288,6560,4,567,NULL,1252668,1252668,1252668,NULL,LIMIT,SELL,1,630,2018-08-24T08:00:45.851,2018-08-24T08:00:45.853,,00:45.9,08:00:45,0,600,#N/A,#N/A,00:18:48,1127.849,-1
pert-josh,M7@bmm,7,288,6560,4,567,NULL,1252669,1252669,1252669,1252665,LIMIT,SELL,1,595,2018-08-24T08:00:46.980,2018-08-24T08:00:46.984,,00:47.0,08:00:46,1,600,595,-5,00:18:49,1128.978,-1
pert-josh,M3@bmm,3,288,6560,4,567,NULL,1252670,1252670,1252670,1252671,LIMIT,BUY,1,595,2018-08-24T08:00:48.125,2018-08-24T08:00:48.748,,00:48.1,08:00:48,0,600,#N/A,#N/A,00:18:50,1130.123,1
pert-josh,M5@bmm,5,288,6560,4,567,NULL,1252671,1252671,1252671,1252670,LIMIT,SELL,1,595,2018-08-24T08:00:48.742,2018-08-24T08:00:48.748,,00:48.7,08:00:48,1,600,595,-5,00:18:51,1130.74,-1
pert-josh,M3@bmm,3,288,6560,4,567,NULL,1252672,1252672,1252672,1252676,LIMIT,BUY,1,595,2018-08-24T08:00:49.847,2018-08-24T08:00:53.551,,00:49.8,08:00:49,0,600,#N/A,#N/A,00:18:52,1131.845,1
pert-josh,M6@bmm,6,288,6560,4,567,NULL,1252673,1252673,1252673,NULL,LIMIT,SELL,1,615,2018-08-24T08:00:51.586,2018-08-24T08:00:51.588,,00:51.6,08:00:51,0,600,#N/A,#N/A,00:18:54,1133.584,-1
pert-josh,M2@bmm,2,288,6560,4,567,NULL,1252674,1252674,1252674,NULL,LIMIT,SELL,1,600,2018-08-24T08:00:52.249,2018-08-24T08:00:52.252,,00:52.2,08:00:52,0,600,#N/A,#N/A,00:18:54,1134.247,-1
pert-josh,M8@bmm,8,288,6560,4,567,NULL,1252675,1252675,1252675,0,LIMIT,SELL,1,590,2018-08-24T08:00:53.544,2018-08-24T08:00:53.550,,00:53.5,08:00:53,0,600,#N/A,#N/A,00:18:56,1135.542,-1
pert-josh,M8@bmm,8,288,6560,4,567,NULL,1252676,1252675,1252675,1252672,LIMIT,SELL,1,595,2018-08-24T08:00:53.548,2018-08-24T08:00:53.551,,00:53.5,08:00:53,1,600,595,-5,00:18:56,1135.546,-1
pert-josh,M5@bmm,5,288,6560,4,567,NULL,1252677,1252677,1252677,1252586,LIMIT,SELL,1,590,2018-08-24T08:00:56.438,2018-08-24T08:00:56.444,,00:56.4,08:00:56,1,600,590,-10,00:18:58,1138.436,-1
pert-josh,M5@bmm,5,288,6560,4,567,NULL,1252678,1252678,1252678,1252588,LIMIT,SELL,1,590,2018-08-24T08:01:00.246,2018-08-24T08:01:00.252,,01:00.2,08:01:00,1,600,590,-10,00:19:02,1142.244,-1
pert-josh,M6@bmm,6,288,6560,4,567,NULL,1252679,1252679,1252679,NULL,LIMIT,BUY,1,580,2018-08-24T08:01:00.906,2018-08-24T08:01:00.908,,01:00.9,08:01:00,0,600,#N/A,#N/A,00:19:03,1142.904,1
pert-josh,M5@bmm,5,288,6560,4,567,NULL,1252680,1252680,1252680,1252601,LIMIT,SELL,1,590,2018-08-24T08:01:03.997,2018-08-24T08:01:04.005,,01:04.0,08:01:03,1,600,590,-10,00:19:06,1145.995,-1
pert-josh,M1@bmm,1,288,6560,4,567,NULL,1252681,1252681,1252681,1252682,LIMIT,SELL,1,595,2018-08-24T08:01:13.490,2018-08-24T08:01:23.300,,01:13.5,08:01:13,0,600,#N/A,#N/A,00:19:15,1155.488,-1
pert-josh,M5@bmm,5,288,6560,4,567,NULL,1252682,1252682,1252682,1252681,LIMIT,BUY,1,595,2018-08-24T08:01:23.295,2018-08-24T08:01:23.300,,01:23.3,08:01:23,1,600,595,-5,00:19:25,1165.293,1
pert-josh,M3@bmm,3,288,6562,5,567,NULL,1252683,1252683,1252683,1252685,LIMIT,SELL,1,650,2018-08-24T08:02:07.123,2018-08-24T08:02:08.629,,02:07.1,08:02:07,0,550,#N/A,#N/A,00:20:09,1209.121,-1
pert-josh,M6@bmm,6,288,6562,5,567,NULL,1252684,1252684,1252684,NULL,LIMIT,BUY,1,435,2018-08-24T08:02:07.611,2018-08-24T08:02:07.613,,02:07.6,08:02:07,0,550,#N/A,#N/A,00:20:10,1209.609,1
pert-josh,M3@bmm,3,288,6562,5,567,NULL,1252685,1252683,1252683,1252683,CANCEL,SELL,1,650,2018-08-24T08:02:08.625,2018-08-24T08:02:08.629,,02:08.6,08:02:08,0,550,#N/A,#N/A,00:20:11,1210.623,-1
pert-josh,M4@bmm,4,288,6562,5,567,NULL,1252686,1252686,1252686,1252689,LIMIT,SELL,1,555,2018-08-24T08:02:09.203,2018-08-24T08:02:09.660,,02:09.2,08:02:09,0,550,#N/A,#N/A,00:20:11,1211.201,-1
pert-josh,M4@bmm,4,288,6562,5,567,NULL,1252687,1252687,1252687,1252692,LIMIT,SELL,1,555,2018-08-24T08:02:09.437,2018-08-24T08:02:09.926,,02:09.4,08:02:09,0,550,#N/A,#N/A,00:20:11,1211.435,-1
pert-josh,M3@bmm,3,288,6562,5,567,NULL,1252688,1252688,1252688,0,LIMIT,BUY,1,650,2018-08-24T08:02:09.653,2018-08-24T08:02:09.660,,02:09.7,08:02:09,0,550,#N/A,#N/A,00:20:12,1211.651,1
pert-josh,M3@bmm,3,288,6562,5,567,NULL,1252689,1252688,1252688,1252686,LIMIT,BUY,1,555,2018-08-24T08:02:09.657,2018-08-24T08:02:09.660,,02:09.7,08:02:09,1,550,555,5,00:20:12,1211.655,1
pert-josh,M4@bmm,4,288,6562,5,567,NULL,1252690,1252690,1252690,NULL,LIMIT,SELL,1,555,2018-08-24T08:02:09.683,2018-08-24T08:02:09.685,,02:09.7,08:02:09,0,550,#N/A,#N/A,00:20:12,1211.681,-1
pert-josh,M3@bmm,3,288,6562,5,567,NULL,1252691,1252691,1252691,0,LIMIT,BUY,1,650,2018-08-24T08:02:09.919,2018-08-24T08:02:09.926,,02:09.9,08:02:09,0,550,#N/A,#N/A,00:20:12,1211.917,1
pert-josh,M3@bmm,3,288,6562,5,567,NULL,1252692,1252691,1252691,1252687,LIMIT,BUY,1,555,2018-08-24T08:02:09.923,2018-08-24T08:02:09.926,,02:09.9,08:02:09,1,550,555,5,00:20:12,1211.921,1
pert-josh,M7@bmm,7,288,6562,5,567,NULL,1252693,1252693,1252693,1252696,LIMIT,SELL,1,550,2018-08-24T08:02:10.230,2018-08-24T08:02:11.253,,02:10.2,08:02:10,0,550,#N/A,#N/A,00:20:12,1212.228,-1
pert-josh,M4@bmm,4,288,6562,5,567,NULL,1252694,1252694,1252694,NULL,LIMIT,SELL,1,555,2018-08-24T08:02:10.618,2018-08-24T08:02:10.620,,02:10.6,08:02:10,0,550,#N/A,#N/A,00:20:13,1212.616,-1
pert-josh,M3@bmm,3,288,6562,5,567,NULL,1252695,1252695,1252695,0,LIMIT,BUY,1,655,2018-08-24T08:02:11.245,2018-08-24T08:02:11.253,,02:11.2,08:02:11,0,550,#N/A,#N/A,00:20:13,1213.243,1
pert-josh,M3@bmm,3,288,6562,5,567,NULL,1252696,1252695,1252695,1252693,LIMIT,BUY,1,550,2018-08-24T08:02:11.250,2018-08-24T08:02:11.253,,02:11.3,08:02:11,1,550,550,0,00:20:13,1213.248,1
pert-josh,M4@bmm,4,288,6562,5,567,NULL,1252697,1252697,1252697,NULL,LIMIT,SELL,1,555,2018-08-24T08:02:13.419,2018-08-24T08:02:13.421,,02:13.4,08:02:13,0,550,#N/A,#N/A,00:20:15,1215.417,-1
pert-josh,M7@bmm,7,288,6562,5,567,NULL,1252698,1252698,1252698,1252705,LIMIT,SELL,1,550,2018-08-24T08:02:13.594,2018-08-24T08:02:20.096,,02:13.6,08:02:13,0,550,#N/A,#N/A,00:20:16,1215.592,-1
pert-josh,M4@bmm,4,288,6562,5,567,NULL,1252699,1252699,1252699,NULL,LIMIT,SELL,1,555,2018-08-24T08:02:14.811,2018-08-24T08:02:14.813,,02:14.8,08:02:14,0,550,#N/A,#N/A,00:20:17,1216.809,-1
pert-josh,M4@bmm,4,288,6562,5,567,NULL,1252700,1252700,1252700,NULL,LIMIT,SELL,1,555,2018-08-24T08:02:15.516,2018-08-24T08:02:15.518,,02:15.5,08:02:15,0,550,#N/A,#N/A,00:20:18,1217.514,-1
pert-josh,M6@bmm,6,288,6562,5,567,NULL,1252701,1252701,1252701,NULL,LIMIT,SELL,1,670,2018-08-24T08:02:15.960,2018-08-24T08:02:15.962,,02:16.0,08:02:15,0,550,#N/A,#N/A,00:20:18,1217.958,-1
pert-josh,M7@bmm,7,288,6562,5,567,NULL,1252702,1252702,1252702,1252717,LIMIT,SELL,1,550,2018-08-24T08:02:16.860,2018-08-24T08:02:38.518,,02:16.9,08:02:16,0,550,#N/A,#N/A,00:20:19,1218.858,-1
pert-josh,M1@bmm,1,288,6562,5,567,NULL,1252703,1252703,1252703,1252728,LIMIT,SELL,1,550,2018-08-24T08:02:18.523,2018-08-24T08:02:51.221,,02:18.5,08:02:18,0,550,#N/A,#N/A,00:20:21,1220.521,-1
pert-josh,M6@bmm,6,288,6562,5,567,NULL,1252704,1252704,1252704,0,LIMIT,BUY,1,560,2018-08-24T08:02:20.089,2018-08-24T08:02:20.096,,02:20.1,08:02:20,0,550,#N/A,#N/A,00:20:22,1222.087,1
pert-josh,M6@bmm,6,288,6562,5,567,NULL,1252705,1252704,1252704,1252698,LIMIT,BUY,1,550,2018-08-24T08:02:20.093,2018-08-24T08:02:20.096,,02:20.1,08:02:20,1,550,550,0,00:20:22,1222.091,1
pert-josh,M2@bmm,2,288,6562,5,567,NULL,1252706,1252706,1252706,1252743,LIMIT,SELL,1,625,2018-08-24T08:02:20.281,2018-08-24T08:03:15.104,,02:20.3,08:02:20,0,550,#N/A,#N/A,00:20:22,1222.279,-1
pert-josh,M1@bmm,1,288,6562,5,567,NULL,1252707,1252707,1252707,1252712,LIMIT,SELL,1,545,2018-08-24T08:02:21.225,2018-08-24T08:02:34.167,,02:21.2,08:02:21,0,550,#N/A,#N/A,00:20:23,1223.223,-1
pert-josh,M5@bmm,5,288,6562,5,567,NULL,1252708,1252708,1252708,1252711,LIMIT,BUY,1,540,2018-08-24T08:02:21.798,2018-08-24T08:02:29.294,,02:21.8,08:02:21,0,550,#N/A,#N/A,00:20:24,1223.796,1
pert-josh,M6@bmm,6,288,6562,5,567,NULL,1252709,1252709,1252709,NULL,LIMIT,SELL,1,625,2018-08-24T08:02:25.841,2018-08-24T08:02:25.844,,02:25.8,08:02:25,0,550,#N/A,#N/A,00:20:28,1227.839,-1
pert-josh,M1@bmm,1,288,6562,5,567,NULL,1252710,1252710,1252710,NULL,LIMIT,BUY,1,540,2018-08-24T08:02:26.946,2018-08-24T08:02:26.948,,02:26.9,08:02:26,0,550,#N/A,#N/A,00:20:29,1228.944,1
pert-josh,M5@bmm,5,288,6562,5,567,NULL,1252711,1252711,1252711,1252708,LIMIT,SELL,1,540,2018-08-24T08:02:29.287,2018-08-24T08:02:29.294,,02:29.3,08:02:29,1,550,540,-10,00:20:31,1231.285,-1
pert-josh,M1@bmm,1,288,6562,5,567,NULL,1252712,1252712,1252712,1252707,LIMIT,BUY,1,545,2018-08-24T08:02:34.162,2018-08-24T08:02:34.167,,02:34.2,08:02:34,1,550,545,-5,00:20:36,1236.16,1
pert-josh,M6@bmm,6,288,6562,5,567,NULL,1252713,1252713,1252713,NULL,LIMIT,BUY,1,515,2018-08-24T08:02:35.713,2018-08-24T08:02:35.715,,02:35.7,08:02:35,0,550,#N/A,#N/A,00:20:38,1237.711,1
pert-josh,M3@bmm,3,288,6562,5,567,NULL,1252714,1252714,1252714,NULL,LIMIT,SELL,1,570,2018-08-24T08:02:36.630,2018-08-24T08:02:36.632,,02:36.6,08:02:36,0,550,#N/A,#N/A,00:20:39,1238.628,-1
pert-josh,M8@bmm,8,288,6562,5,567,NULL,1252715,1252715,1252715,1252742,LIMIT,BUY,1,545,2018-08-24T08:02:38.264,2018-08-24T08:03:07.493,,02:38.3,08:02:38,0,550,#N/A,#N/A,00:20:40,1240.262,1
pert-josh,M5@bmm,5,288,6562,5,567,NULL,1252716,1252716,1252716,0,LIMIT,BUY,1,555,2018-08-24T08:02:38.511,2018-08-24T08:02:38.518,,02:38.5,08:02:38,0,550,#N/A,#N/A,00:20:41,1240.509,1
pert-josh,M5@bmm,5,288,6562,5,567,NULL,1252717,1252716,1252716,1252702,LIMIT,BUY,1,550,2018-08-24T08:02:38.515,2018-08-24T08:02:38.518,,02:38.5,08:02:38,1,550,550,0,00:20:41,1240.513,1
pert-josh,M3@bmm,3,288,6562,5,567,NULL,1252718,1252718,1252718,NULL,LIMIT,SELL,1,575,2018-08-24T08:02:39.437,2018-08-24T08:02:39.439,,02:39.4,08:02:39,0,550,#N/A,#N/A,00:20:41,1241.435,-1
pert-josh,M4@bmm,4,288,6562,5,567,NULL,1252719,1252719,1252719,1252768,LIMIT,BUY,1,540,2018-08-24T08:02:42.099,2018-08-24T08:04:47.176,,02:42.1,08:02:42,0,550,#N/A,#N/A,00:20:44,1244.097,1
pert-josh,M4@bmm,4,288,6562,5,567,NULL,1252720,1252720,1252720,1252766,LIMIT,BUY,1,540,2018-08-24T08:02:42.333,2018-08-24T08:04:46.667,,02:42.3,08:02:42,0,550,#N/A,#N/A,00:20:44,1244.331,1
pert-josh,M4@bmm,4,288,6562,5,567,NULL,1252721,1252721,1252721,1252765,LIMIT,BUY,1,540,2018-08-24T08:02:42.587,2018-08-24T08:04:46.260,,02:42.6,08:02:42,0,550,#N/A,#N/A,00:20:45,1244.585,1
