account,email,owner,marketplace,session,period,market,target,order,original,supplier,consumer,type,side,units,price,createdDate,lastModifiedDate,16. just time,17. just second,,trade,fair value,trade price,mispricing,time mins,time secs,buy/sell
pert-josh,M7@bmm,4570,433,8643,1,814,NULL,2817737,2817737,2817737,2817756,LIMIT,BUY,1,200,2019-03-29T06:44:21.087,2019-03-29T06:45:03.042,,06:44:21.087,06:44:21.087,0,750,#N/A,#N/A,00:00:00,0,1
pert-josh,M5@bmm,4568,433,8643,1,814,NULL,2817738,2817738,2817738,2817761,LIMIT,SELL,1,825,2019-03-29T06:44:33.136,2019-03-29T06:45:11.986,,06:44:33.136,06:44:33.136,0,750,#N/A,#N/A,00:00:12,12.049,-1
pert-josh,M4@bmm,4567,433,8643,1,814,NULL,2817739,2817739,2817739,2817741,LIMIT,SELL,1,220,2019-03-29T06:44:34.715,2019-03-29T06:44:37.551,,06:44:34.715,06:44:34.715,0,750,#N/A,#N/A,00:00:14,13.628,-1
pert-josh,M6@bmm,4569,433,8643,1,814,NULL,2817741,2817740,2817740,2817739,LIMIT,BUY,1,220,2019-03-29T06:44:37.545,2019-03-29T06:44:37.551,,06:44:37.545,06:44:37.545,1,750,220,-530,00:00:16,16.458,1
pert-josh,M6@bmm,4569,433,8643,1,814,NULL,2817742,2817740,2817740,2817745,LIMIT,BUY,1,715,2019-03-29T06:44:37.537,2019-03-29T06:44:49.395,,06:44:37.537,06:44:37.537,0,750,#N/A,#N/A,00:00:16,16.45,1
pert-josh,M2@bmm,4565,433,8643,1,814,NULL,2817743,2817743,2817743,2817757,LIMIT,BUY,1,200,2019-03-29T06:44:42.547,2019-03-29T06:45:04.284,,06:44:42.547,06:44:42.547,0,750,#N/A,#N/A,00:00:21,21.46,1
pert-josh,M4@bmm,4567,433,8643,1,814,NULL,2817745,2817744,2817744,2817742,LIMIT,SELL,1,715,2019-03-29T06:44:49.390,2019-03-29T06:44:49.395,,06:44:49.390,06:44:49.390,1,750,715,-35,00:00:28,28.303,-1
pert-josh,M3@bmm,4566,433,8643,1,814,NULL,2817746,2817746,2817746,2817748,LIMIT,SELL,1,705,2019-03-29T06:44:49.549,2019-03-29T06:44:50.637,,06:44:49.549,06:44:49.549,0,750,#N/A,#N/A,00:00:28,28.462,-1
pert-josh,M6@bmm,4569,433,8643,1,814,NULL,2817748,2817747,2817747,2817746,LIMIT,BUY,1,705,2019-03-29T06:44:50.630,2019-03-29T06:44:50.637,,06:44:50.630,06:44:50.630,1,750,705,-45,00:00:30,29.543,1
pert-josh,M6@bmm,4569,433,8643,1,814,NULL,2817749,2817747,2817747,2817752,LIMIT,BUY,1,715,2019-03-29T06:44:50.622,2019-03-29T06:44:56.537,,06:44:50.622,06:44:50.622,0,750,#N/A,#N/A,00:00:30,29.535,1
pert-josh,M5@bmm,4568,433,8643,1,814,NULL,2817750,2817750,2817750,2817755,LIMIT,BUY,1,245,2019-03-29T06:44:54.383,2019-03-29T06:44:58.050,,06:44:54.383,06:44:54.383,0,750,#N/A,#N/A,00:00:33,33.296,1
pert-josh,M7@bmm,4570,433,8643,1,814,NULL,2817752,2817751,2817751,2817749,LIMIT,SELL,1,715,2019-03-29T06:44:56.533,2019-03-29T06:44:56.537,,06:44:56.533,06:44:56.533,1,750,715,-35,00:00:35,35.446,-1
pert-josh,M4@bmm,4567,433,8643,1,814,NULL,2817755,2817754,2817754,2817750,LIMIT,SELL,1,245,2019-03-29T06:44:58.046,2019-03-29T06:44:58.050,,06:44:58.046,06:44:58.046,1,750,245,-505,00:00:37,36.959,-1
pert-josh,M4@bmm,4567,433,8643,1,814,NULL,2817756,2817756,2817756,2817737,LIMIT,SELL,1,200,2019-03-29T06:45:03.033,2019-03-29T06:45:03.041,,06:45:03.033,06:45:03.033,1,750,200,-550,00:00:42,41.946,-1
pert-josh,M4@bmm,4567,433,8643,1,814,NULL,2817757,2817757,2817757,2817743,LIMIT,SELL,1,200,2019-03-29T06:45:04.276,2019-03-29T06:45:04.284,,06:45:04.276,06:45:04.276,1,750,200,-550,00:00:43,43.189,-1
pert-josh,M7@bmm,4570,433,8643,1,814,NULL,2817759,2817759,2817759,2817768,LIMIT,BUY,1,450,2019-03-29T06:45:07.035,2019-03-29T06:45:24.765,,06:45:07.035,06:45:07.035,0,750,#N/A,#N/A,00:00:46,45.948,1
pert-josh,M8@bmm,4571,433,8643,1,814,NULL,2817761,2817760,2817760,2817738,LIMIT,BUY,1,825,2019-03-29T06:45:11.982,2019-03-29T06:45:11.986,,06:45:11.982,06:45:11.982,1,750,825,75,00:00:51,50.895,1
pert-josh,M1@bmm,4564,433,8643,1,814,NULL,2817762,2817762,2817762,2817774,LIMIT,SELL,1,650,2019-03-29T06:45:12.895,2019-03-29T06:45:37.764,,06:45:12.895,06:45:12.895,0,750,#N/A,#N/A,00:00:52,51.808,-1
pert-josh,M5@bmm,4568,433,8643,1,814,NULL,2817766,2817766,2817766,NULL,LIMIT,BUY,1,245,2019-03-29T06:45:22.799,2019-03-29T06:45:22.802,,06:45:22.799,06:45:22.799,0,750,#N/A,#N/A,00:01:02,61.712,1
pert-josh,M4@bmm,4567,433,8643,1,814,NULL,2817768,2817768,2817768,2817759,LIMIT,SELL,1,450,2019-03-29T06:45:24.758,2019-03-29T06:45:24.765,,06:45:24.758,06:45:24.758,1,750,450,-300,00:01:04,63.671,-1
pert-josh,M5@bmm,4568,433,8643,1,814,NULL,2817769,2817769,2817769,NULL,LIMIT,BUY,1,370,2019-03-29T06:45:29.974,2019-03-29T06:45:29.977,,06:45:29.974,06:45:29.974,0,750,#N/A,#N/A,00:01:09,68.887,1
pert-josh,M7@bmm,4570,433,8643,1,814,NULL,2817770,2817770,2817770,2817772,LIMIT,BUY,1,555,2019-03-29T06:45:32.078,2019-03-29T06:45:35.272,,06:45:32.078,06:45:32.078,0,750,#N/A,#N/A,00:01:11,70.991,1
pert-josh,M8@bmm,4571,433,8643,1,814,NULL,2817772,2817771,2817771,2817770,LIMIT,SELL,1,555,2019-03-29T06:45:35.268,2019-03-29T06:45:35.272,,06:45:35.268,06:45:35.268,1,750,555,-195,00:01:14,74.181,-1
pert-josh,M6@bmm,4569,433,8643,1,814,NULL,2817774,2817773,2817773,2817762,LIMIT,BUY,1,650,2019-03-29T06:45:37.757,2019-03-29T06:45:37.764,,06:45:37.757,06:45:37.757,1,750,650,-100,00:01:17,76.67,1
pert-josh,M6@bmm,4569,433,8643,1,814,NULL,2817775,2817773,2817773,2817778,LIMIT,BUY,1,655,2019-03-29T06:45:37.750,2019-03-29T06:45:43.690,,06:45:37.750,06:45:37.750,0,750,#N/A,#N/A,00:01:17,76.663,1
pert-josh,M3@bmm,4566,433,8643,1,814,NULL,2817776,2817776,2817776,2817780,LIMIT,BUY,1,380,2019-03-29T06:45:43.421,2019-03-29T06:45:48.683,,06:45:43.421,06:45:43.421,0,750,#N/A,#N/A,00:01:22,82.334,1
pert-josh,M4@bmm,4567,433,8643,1,814,NULL,2817778,2817777,2817777,2817775,LIMIT,SELL,1,655,2019-03-29T06:45:43.686,2019-03-29T06:45:43.690,,06:45:43.686,06:45:43.686,1,750,655,-95,00:01:23,82.599,-1
pert-josh,M4@bmm,4567,433,8643,1,814,NULL,2817780,2817779,2817779,2817776,LIMIT,SELL,1,380,2019-03-29T06:45:48.678,2019-03-29T06:45:48.683,,06:45:48.678,06:45:48.678,1,750,380,-370,00:01:28,87.591,-1
pert-josh,M7@bmm,4570,433,8643,1,814,NULL,2817781,2817781,2817781,2817783,LIMIT,SELL,1,385,2019-03-29T06:45:50.944,2019-03-29T06:45:58.868,,06:45:50.944,06:45:50.944,0,750,#N/A,#N/A,00:01:30,89.857,-1
pert-josh,M4@bmm,4567,433,8643,1,814,NULL,2817783,2817783,2817783,2817781,LIMIT,BUY,1,385,2019-03-29T06:45:58.862,2019-03-29T06:45:58.868,,06:45:58.862,06:45:58.862,1,750,385,-365,00:01:38,97.775,1
pert-josh,M7@bmm,4570,433,8643,1,814,NULL,2817785,2817785,2817785,2817788,LIMIT,BUY,1,385,2019-03-29T06:46:01.221,2019-03-29T06:46:04.866,,06:46:01.221,06:46:01.221,0,750,#N/A,#N/A,00:01:40,100.134,1
pert-josh,M3@bmm,4566,433,8643,1,814,NULL,2817786,2817786,2817786,2817790,LIMIT,SELL,1,540,2019-03-29T06:46:03.963,2019-03-29T06:46:06.427,,06:46:03.963,06:46:03.963,0,750,#N/A,#N/A,00:01:43,102.876,-1
pert-josh,M5@bmm,4568,433,8643,1,814,NULL,2817787,2817787,2817787,NULL,LIMIT,SELL,1,790,2019-03-29T06:46:04.125,2019-03-29T06:46:04.129,,06:46:04.125,06:46:04.125,0,750,#N/A,#N/A,00:01:43,103.038,-1
pert-josh,M4@bmm,4567,433,8643,1,814,NULL,2817788,2817788,2817788,2817785,LIMIT,SELL,1,385,2019-03-29T06:46:04.859,2019-03-29T06:46:04.866,,06:46:04.859,06:46:04.859,1,750,385,-365,00:01:44,103.772,-1
pert-josh,M6@bmm,4569,433,8643,1,814,NULL,2817790,2817789,2817789,2817786,LIMIT,BUY,1,540,2019-03-29T06:46:06.420,2019-03-29T06:46:06.427,,06:46:06.420,06:46:06.420,1,750,540,-210,00:01:45,105.333,1
pert-josh,M6@bmm,4569,433,8643,1,814,NULL,2817791,2817789,2817789,2817792,LIMIT,BUY,1,655,2019-03-29T06:46:06.414,2019-03-29T06:46:15.172,,06:46:06.414,06:46:06.414,0,750,#N/A,#N/A,00:01:45,105.327,1
pert-josh,M2@bmm,4565,433,8643,1,814,NULL,2817792,2817792,2817792,2817791,LIMIT,SELL,1,655,2019-03-29T06:46:15.162,2019-03-29T06:46:15.172,,06:46:15.162,06:46:15.162,1,750,655,-95,00:01:54,114.075,-1
pert-josh,M7@bmm,4570,433,8643,1,814,NULL,2817794,2817794,2817794,2817802,LIMIT,BUY,1,495,2019-03-29T06:46:20.222,2019-03-29T06:46:37.008,,06:46:20.222,06:46:20.222,0,750,#N/A,#N/A,00:01:59,119.135,1
pert-josh,M5@bmm,4568,433,8643,1,814,NULL,2817797,2817797,2817797,NULL,LIMIT,BUY,1,350,2019-03-29T06:46:28.253,2019-03-29T06:46:28.256,,06:46:28.253,06:46:28.253,0,750,#N/A,#N/A,00:02:07,127.166,1
pert-josh,M2@bmm,4565,433,8643,1,814,NULL,2817799,2817799,2817799,2817812,LIMIT,SELL,1,655,2019-03-29T06:46:29.967,2019-03-29T06:46:56.820,,06:46:29.967,06:46:29.967,0,750,#N/A,#N/A,00:02:09,128.88,-1
pert-josh,M4@bmm,4567,433,8643,1,814,NULL,2817802,2817802,2817802,2817794,LIMIT,SELL,1,495,2019-03-29T06:46:37.002,2019-03-29T06:46:37.008,,06:46:37.002,06:46:37.002,1,750,495,-255,00:02:16,135.915,-1
pert-josh,M1@bmm,4564,433,8643,1,814,NULL,2817803,2817803,2817803,2817806,LIMIT,SELL,1,650,2019-03-29T06:46:39.682,2019-03-29T06:46:42.346,,06:46:39.682,06:46:39.682,0,750,#N/A,#N/A,00:02:19,138.595,-1
pert-josh,M6@bmm,4569,433,8643,1,814,NULL,2817806,2817805,2817805,2817803,LIMIT,BUY,1,650,2019-03-29T06:46:42.342,2019-03-29T06:46:42.346,,06:46:42.342,06:46:42.342,1,750,650,-100,00:02:21,141.255,1
pert-josh,M7@bmm,4570,433,8643,1,814,NULL,2817807,2817807,2817807,2817809,LIMIT,BUY,1,555,2019-03-29T06:46:45.495,2019-03-29T06:46:51.213,,06:46:45.495,06:46:45.495,0,750,#N/A,#N/A,00:02:24,144.408,1
pert-josh,M5@bmm,4568,433,8643,1,814,NULL,2817808,2817808,2817808,NULL,LIMIT,SELL,1,795,2019-03-29T06:46:47.772,2019-03-29T06:46:47.776,,06:46:47.772,06:46:47.772,0,750,#N/A,#N/A,00:02:27,146.685,-1
pert-josh,M4@bmm,4567,433,8643,1,814,NULL,2817809,2817809,2817809,2817807,LIMIT,SELL,1,555,2019-03-29T06:46:51.207,2019-03-29T06:46:51.213,,06:46:51.207,06:46:51.207,1,750,555,-195,00:02:30,150.12,-1
pert-josh,M5@bmm,4568,433,8643,1,814,NULL,2817810,2817810,2817810,NULL,LIMIT,SELL,1,780,2019-03-29T06:46:55.790,2019-03-29T06:46:55.793,,06:46:55.790,06:46:55.790,0,750,#N/A,#N/A,00:02:35,154.703,-1
pert-josh,M8@bmm,4571,433,8643,1,814,NULL,2817812,2817811,2817811,2817799,LIMIT,BUY,1,655,2019-03-29T06:46:56.816,2019-03-29T06:46:56.820,,06:46:56.816,06:46:56.816,1,750,655,-95,00:02:36,155.729,1
pert-josh,M7@bmm,4570,433,8643,1,814,NULL,2817813,2817813,2817813,NULL,LIMIT,SELL,1,720,2019-03-29T06:47:04.444,2019-03-29T06:47:04.447,,06:47:04.444,06:47:04.444,0,750,#N/A,#N/A,00:02:43,163.357,-1
pert-josh,M3@bmm,4566,433,8643,1,814,NULL,2817814,2817814,2817814,NULL,LIMIT,SELL,1,705,2019-03-29T06:47:06.110,2019-03-29T06:47:06.114,,06:47:06.110,06:47:06.110,0,750,#N/A,#N/A,00:02:45,165.023,-1
pert-josh,M2@bmm,4565,433,8643,1,814,NULL,2817815,2817815,2817815,2817821,LIMIT,SELL,1,600,2019-03-29T06:47:11.028,2019-03-29T06:47:19.654,,06:47:11.028,06:47:11.028,0,750,#N/A,#N/A,00:02:50,169.941,-1
pert-josh,M1@bmm,4564,433,8643,1,814,NULL,2817817,2817817,2817817,2817823,LIMIT,SELL,1,635,2019-03-29T06:47:17.578,2019-03-29T06:47:26.587,,06:47:17.578,06:47:17.578,0,750,#N/A,#N/A,00:02:56,176.491,-1
pert-josh,M7@bmm,4570,433,8643,1,814,NULL,2817818,2817818,2817818,2817839,LIMIT,BUY,1,510,2019-03-29T06:47:18.260,2019-03-29T06:48:21.433,,06:47:18.260,06:47:18.260,0,750,#N/A,#N/A,00:02:57,177.173,1
pert-josh,M6@bmm,4569,433,8643,1,814,NULL,2817821,2817820,2817820,2817815,LIMIT,BUY,1,600,2019-03-29T06:47:19.650,2019-03-29T06:47:19.654,,06:47:19.650,06:47:19.650,1,750,600,-150,00:02:59,178.563,1
pert-josh,M6@bmm,4569,433,8643,1,814,NULL,2817823,2817822,2817822,2817817,LIMIT,BUY,1,635,2019-03-29T06:47:26.583,2019-03-29T06:47:26.587,,06:47:26.583,06:47:26.583,1,750,635,-115,00:03:05,185.496,1
pert-josh,M5@bmm,4568,433,8643,1,814,NULL,2817824,2817824,2817824,2817840,LIMIT,BUY,1,510,2019-03-29T06:47:29.959,2019-03-29T06:48:21.433,,06:47:29.959,06:47:29.959,0,750,#N/A,#N/A,00:03:09,188.872,1
pert-josh,M6@bmm,4569,433,8643,1,814,NULL,2817826,2817826,2817826,2817831,LIMIT,BUY,1,655,2019-03-29T06:47:39.377,2019-03-29T06:47:56.286,,06:47:39.377,06:47:39.377,0,750,#N/A,#N/A,00:03:18,198.29,1
pert-josh,M3@bmm,4566,433,8643,1,814,NULL,2817831,2817830,2817830,2817826,LIMIT,SELL,1,655,2019-03-29T06:47:56.279,2019-03-29T06:47:56.287,,06:47:56.279,06:47:56.279,1,750,655,-95,00:03:35,215.192,-1
pert-josh,M7@bmm,4570,433,8643,1,814,NULL,2817833,2817833,2817833,2817835,LIMIT,BUY,1,585,2019-03-29T06:48:03.737,2019-03-29T06:48:04.110,,06:48:03.737,06:48:03.737,0,750,#N/A,#N/A,00:03:43,222.65,1
pert-josh,M8@bmm,4571,433,8643,1,814,NULL,2817835,2817834,2817834,2817833,LIMIT,SELL,1,585,2019-03-29T06:48:04.106,2019-03-29T06:48:04.110,,06:48:04.106,06:48:04.106,1,750,585,-165,00:03:43,223.019,-1
pert-josh,M3@bmm,4566,433,8643,1,814,NULL,2817837,2817837,2817837,NULL,LIMIT,BUY,1,430,2019-03-29T06:48:20.029,2019-03-29T06:48:20.032,,06:48:20.029,06:48:20.029,0,750,#N/A,#N/A,00:03:59,238.942,1
pert-josh,M4@bmm,4567,433,8643,1,814,NULL,2817839,2817838,2817838,2817818,LIMIT,SELL,1,510,2019-03-29T06:48:21.424,2019-03-29T06:48:21.433,,06:48:21.424,06:48:21.424,1,750,510,-240,00:04:00,240.337,-1
pert-josh,M4@bmm,4567,433,8643,1,814,NULL,2817840,2817838,2817838,2817824,LIMIT,SELL,1,510,2019-03-29T06:48:21.429,2019-03-29T06:48:21.433,,06:48:21.429,06:48:21.429,1,750,510,-240,00:04:00,240.342,-1
pert-josh,M2@bmm,4565,433,8643,1,814,NULL,2817841,2817841,2817841,NULL,LIMIT,SELL,1,640,2019-03-29T06:48:33.460,2019-03-29T06:48:33.463,,06:48:33.460,06:48:33.460,0,750,#N/A,#N/A,00:04:12,252.373,-1
pert-josh,M4@bmm,4567,433,8643,1,814,NULL,2817843,2817843,2817843,NULL,LIMIT,BUY,1,510,2019-03-29T06:48:37.776,2019-03-29T06:48:37.779,,06:48:37.776,06:48:37.776,0,750,#N/A,#N/A,00:04:17,256.689,1
pert-josh,M7@bmm,4570,433,8643,1,814,NULL,2817845,2817845,2817845,NULL,LIMIT,SELL,1,685,2019-03-29T06:48:43.001,2019-03-29T06:48:43.004,,06:48:43.001,06:48:43.001,0,750,#N/A,#N/A,00:04:22,261.914,-1
pert-josh,M8@bmm,4571,433,8643,1,814,NULL,2817846,2817846,2817846,NULL,LIMIT,BUY,1,405,2019-03-29T06:48:44.518,2019-03-29T06:48:44.522,,06:48:44.518,06:48:44.518,0,750,#N/A,#N/A,00:04:23,263.431,1
pert-josh,M3@bmm,4566,433,8643,1,814,NULL,2817847,2817847,2817847,NULL,LIMIT,SELL,1,715,2019-03-29T06:48:55.384,2019-03-29T06:48:55.387,,06:48:55.384,06:48:55.384,0,750,#N/A,#N/A,00:04:34,274.297,-1
pert-josh,M1@bmm,4564,433,8643,1,814,NULL,2817849,2817849,2817849,NULL,LIMIT,BUY,1,435,2019-03-29T06:49:01.644,2019-03-29T06:49:01.648,,06:49:01.644,06:49:01.644,0,750,#N/A,#N/A,00:04:41,280.557,1
pert-josh,M7@bmm,4570,433,8644,2,814,NULL,2817851,2817851,2817851,2817854,LIMIT,SELL,1,570,2019-03-29T06:49:33.948,2019-03-29T06:49:39.167,,06:49:33.948,06:49:33.948,0,700,#N/A,#N/A,00:05:13,312.861,-1
pert-josh,M6@bmm,4569,433,8644,2,814,NULL,2817854,2817853,2817853,2817851,LIMIT,BUY,1,570,2019-03-29T06:49:39.163,2019-03-29T06:49:39.167,,06:49:39.163,06:49:39.163,1,700,570,-130,00:05:18,318.076,1
pert-josh,M5@bmm,4568,433,8644,2,814,NULL,2817857,2817857,2817857,NULL,LIMIT,SELL,1,730,2019-03-29T06:49:44.045,2019-03-29T06:49:44.048,,06:49:44.045,06:49:44.045,0,700,#N/A,#N/A,00:05:23,322.958,-1
pert-josh,M1@bmm,4564,433,8644,2,814,NULL,2817858,2817858,2817858,2817861,LIMIT,SELL,1,585,2019-03-29T06:49:44.783,2019-03-29T06:49:47.368,,06:49:44.783,06:49:44.783,0,700,#N/A,#N/A,00:05:24,323.696,-1
pert-josh,M6@bmm,4569,433,8644,2,814,NULL,2817861,2817860,2817860,2817858,LIMIT,BUY,1,585,2019-03-29T06:49:47.364,2019-03-29T06:49:47.369,,06:49:47.364,06:49:47.364,1,700,585,-115,00:05:26,326.277,1
pert-josh,M5@bmm,4568,433,8644,2,814,NULL,2817863,2817863,2817863,NULL,LIMIT,BUY,1,340,2019-03-29T06:49:54.445,2019-03-29T06:49:54.448,,06:49:54.445,06:49:54.445,0,700,#N/A,#N/A,00:05:33,333.358,1
pert-josh,M2@bmm,4565,433,8644,2,814,NULL,2817865,2817865,2817865,2817868,LIMIT,SELL,1,500,2019-03-29T06:49:56.141,2019-03-29T06:49:58.454,,06:49:56.141,06:49:56.141,0,700,#N/A,#N/A,00:05:35,335.054,-1
pert-josh,M6@bmm,4569,433,8644,2,814,NULL,2817868,2817867,2817867,2817865,LIMIT,BUY,1,500,2019-03-29T06:49:58.450,2019-03-29T06:49:58.455,,06:49:58.450,06:49:58.450,1,700,500,-200,00:05:37,337.363,1
pert-josh,M5@bmm,4568,433,8644,2,814,NULL,2817870,2817870,2817870,NULL,LIMIT,BUY,1,230,2019-03-29T06:50:01.261,2019-03-29T06:50:01.265,,06:50:01.261,06:50:01.261,0,700,#N/A,#N/A,00:05:40,340.174,1
pert-josh,M5@bmm,4568,433,8644,2,814,NULL,2817872,2817872,2817872,NULL,LIMIT,BUY,1,290,2019-03-29T06:50:03.747,2019-03-29T06:50:03.750,,06:50:03.747,06:50:03.747,0,700,#N/A,#N/A,00:05:43,342.66,1
pert-josh,M5@bmm,4568,433,8644,2,814,NULL,2817873,2817873,2817873,NULL,LIMIT,BUY,1,290,2019-03-29T06:50:06.757,2019-03-29T06:50:06.760,,06:50:06.757,06:50:06.757,0,700,#N/A,#N/A,00:05:46,345.67,1
pert-josh,M3@bmm,4566,433,8644,2,814,NULL,2817874,2817874,2817874,NULL,LIMIT,SELL,1,705,2019-03-29T06:50:07.558,2019-03-29T06:50:07.562,,06:50:07.558,06:50:07.558,0,700,#N/A,#N/A,00:05:46,346.471,-1
pert-josh,M5@bmm,4568,433,8644,2,814,NULL,2817875,2817875,2817875,NULL,LIMIT,BUY,1,355,2019-03-29T06:50:13.878,2019-03-29T06:50:13.881,,06:50:13.878,06:50:13.878,0,700,#N/A,#N/A,00:05:53,352.791,1
pert-josh,M7@bmm,4570,433,8644,2,814,NULL,2817877,2817877,2817877,NULL,LIMIT,SELL,1,640,2019-03-29T06:50:24.702,2019-03-29T06:50:24.705,,06:50:24.702,06:50:24.702,0,700,#N/A,#N/A,00:06:04,363.615,-1
pert-josh,M5@bmm,4568,433,8644,2,814,NULL,2817883,2817883,2817883,NULL,LIMIT,SELL,1,705,2019-03-29T06:50:43.438,2019-03-29T06:50:43.441,,06:50:43.438,06:50:43.438,0,700,#N/A,#N/A,00:06:22,382.351,-1
pert-josh,M3@bmm,4566,433,8644,2,814,NULL,2817886,2817886,2817886,2817887,LIMIT,SELL,1,600,2019-03-29T06:50:50.632,2019-03-29T06:50:53.380,,06:50:50.632,06:50:50.632,0,700,#N/A,#N/A,00:06:30,389.545,-1
pert-josh,M6@bmm,4569,433,8644,2,814,NULL,2817887,2817887,2817887,2817886,LIMIT,BUY,1,600,2019-03-29T06:50:53.372,2019-03-29T06:50:53.380,,06:50:53.372,06:50:53.372,1,700,600,-100,00:06:32,392.285,1
pert-josh,M8@bmm,4571,433,8644,2,814,NULL,2817892,2817891,2817891,2817893,LIMIT,SELL,1,555,2019-03-29T06:51:05.596,2019-03-29T06:51:05.607,,06:51:05.596,06:51:05.596,0,700,#N/A,#N/A,00:06:45,404.509,-1
pert-josh,M4@bmm,4567,433,8644,2,814,NULL,2817893,2817890,2817890,2817892,LIMIT,BUY,1,555,2019-03-29T06:51:05.599,2019-03-29T06:51:05.607,,06:51:05.599,06:51:05.599,1,700,555,-145,00:06:45,404.512,1
pert-josh,M4@bmm,4567,433,8644,2,814,NULL,2817894,2817890,2817890,2817900,LIMIT,BUY,1,555,2019-03-29T06:50:57.643,2019-03-29T06:51:11.943,,06:50:57.643,06:50:57.643,0,700,#N/A,#N/A,00:06:37,396.556,1
pert-josh,M2@bmm,4565,433,8644,2,814,NULL,2817895,2817895,2817895,2817898,LIMIT,SELL,1,565,2019-03-29T06:51:06.198,2019-03-29T06:51:08.076,,06:51:06.198,06:51:06.198,0,700,#N/A,#N/A,00:06:45,405.111,-1
pert-josh,M6@bmm,4569,433,8644,2,814,NULL,2817898,2817897,2817897,2817895,LIMIT,BUY,1,565,2019-03-29T06:51:08.072,2019-03-29T06:51:08.076,,06:51:08.072,06:51:08.072,1,700,565,-135,00:06:47,406.985,1
pert-josh,M7@bmm,4570,433,8644,2,814,NULL,2817900,2817899,2817899,2817894,LIMIT,SELL,1,555,2019-03-29T06:51:11.939,2019-03-29T06:51:11.943,,06:51:11.939,06:51:11.939,1,700,555,-145,00:06:51,410.852,-1
pert-josh,M5@bmm,4568,433,8644,2,814,NULL,2817901,2817901,2817901,NULL,LIMIT,BUY,1,445,2019-03-29T06:51:15.437,2019-03-29T06:51:15.440,,06:51:15.437,06:51:15.437,0,700,#N/A,#N/A,00:06:54,414.35,1
pert-josh,M3@bmm,4566,433,8644,2,814,NULL,2817903,2817903,2817903,2817945,LIMIT,SELL,1,610,2019-03-29T06:51:32.601,2019-03-29T06:54:11.297,,06:51:32.601,06:51:32.601,0,700,#N/A,#N/A,00:07:12,431.514,-1
pert-josh,M8@bmm,4571,433,8644,2,814,NULL,2817907,2817907,2817907,2817946,LIMIT,SELL,1,620,2019-03-29T06:51:50.399,2019-03-29T06:54:16.948,,06:51:50.399,06:51:50.399,0,700,#N/A,#N/A,00:07:29,449.312,-1
pert-josh,M5@bmm,4568,433,8644,2,814,NULL,2817909,2817909,2817909,NULL,LIMIT,BUY,1,465,2019-03-29T06:51:59.942,2019-03-29T06:51:59.945,,06:51:59.942,06:51:59.942,0,700,#N/A,#N/A,00:07:39,458.855,1
pert-josh,M5@bmm,4568,433,8644,2,814,NULL,2817912,2817912,2817912,NULL,LIMIT,BUY,1,480,2019-03-29T06:52:13.286,2019-03-29T06:52:13.289,,06:52:13.286,06:52:13.286,0,700,#N/A,#N/A,00:07:52,472.199,1
pert-josh,M5@bmm,4568,433,8644,2,814,NULL,2817918,2817918,2817918,NULL,LIMIT,BUY,1,500,2019-03-29T06:52:32.013,2019-03-29T06:52:32.016,,06:52:32.013,06:52:32.013,0,700,#N/A,#N/A,00:08:11,490.926,1
pert-josh,M5@bmm,4568,433,8644,2,814,NULL,2817919,2817919,2817919,NULL,LIMIT,BUY,1,500,2019-03-29T06:52:32.663,2019-03-29T06:52:32.666,,06:52:32.663,06:52:32.663,0,700,#N/A,#N/A,00:08:12,491.576,1
pert-josh,M3@bmm,4566,433,8644,2,814,NULL,2817921,2817921,2817921,NULL,LIMIT,BUY,1,420,2019-03-29T06:52:42.145,2019-03-29T06:52:42.150,,06:52:42.145,06:52:42.145,0,700,#N/A,#N/A,00:08:21,501.058,1
pert-josh,M3@bmm,4566,433,8644,2,814,NULL,2817928,2817928,2817928,2817931,LIMIT,BUY,1,530,2019-03-29T06:53:24.976,2019-03-29T06:53:27.762,,06:53:24.976,06:53:24.976,0,700,#N/A,#N/A,00:09:04,543.889,1
pert-josh,M8@bmm,4571,433,8644,2,814,NULL,2817931,2817930,2817930,2817928,LIMIT,SELL,1,530,2019-03-29T06:53:27.758,2019-03-29T06:53:27.763,,06:53:27.758,06:53:27.758,1,700,530,-170,00:09:07,546.671,-1
pert-josh,M5@bmm,4568,433,8644,2,814,NULL,2817932,2817932,2817932,2817934,LIMIT,SELL,1,515,2019-03-29T06:53:36.816,2019-03-29T06:53:38.856,,06:53:36.816,06:53:36.816,0,700,#N/A,#N/A,00:09:16,555.729,-1
pert-josh,M6@bmm,4569,433,8644,2,814,NULL,2817934,2817933,2817933,2817932,LIMIT,BUY,1,515,2019-03-29T06:53:38.852,2019-03-29T06:53:38.857,,06:53:38.852,06:53:38.852,1,700,515,-185,00:09:18,557.765,1
pert-josh,M1@bmm,4564,433,8644,2,814,NULL,2817935,2817935,2817935,2817942,LIMIT,SELL,1,605,2019-03-29T06:53:44.196,2019-03-29T06:54:01.728,,06:53:44.196,06:53:44.196,0,700,#N/A,#N/A,00:09:23,563.109,-1
pert-josh,M7@bmm,4570,433,8644,2,814,NULL,2817936,2817936,2817936,2817943,LIMIT,BUY,1,555,2019-03-29T06:53:50.980,2019-03-29T06:54:07.068,,06:53:50.980,06:53:50.980,0,700,#N/A,#N/A,00:09:30,569.893,1
pert-josh,M3@bmm,4566,433,8644,2,814,NULL,2817939,2817939,2817939,NULL,LIMIT,BUY,1,515,2019-03-29T06:53:55.881,2019-03-29T06:53:55.884,,06:53:55.881,06:53:55.881,0,700,#N/A,#N/A,00:09:35,574.794,1
pert-josh,M5@bmm,4568,433,8644,2,814,NULL,2817942,2817941,2817941,2817935,LIMIT,BUY,1,605,2019-03-29T06:54:01.724,2019-03-29T06:54:01.728,,06:54:01.724,06:54:01.724,1,700,605,-95,00:09:41,580.637,1
pert-josh,M4@bmm,4567,433,8644,2,814,NULL,2817943,2817943,2817943,2817936,LIMIT,SELL,1,555,2019-03-29T06:54:07.061,2019-03-29T06:54:07.068,,06:54:07.061,06:54:07.061,1,700,555,-145,00:09:46,585.974,-1
pert-josh,M5@bmm,4568,433,8644,2,814,NULL,2817945,2817944,2817944,2817903,LIMIT,BUY,1,610,2019-03-29T06:54:11.293,2019-03-29T06:54:11.297,,06:54:11.293,06:54:11.293,1,700,610,-90,00:09:50,590.206,1
pert-josh,M5@bmm,4568,433,8644,2,814,NULL,2817946,2817946,2817946,2817907,LIMIT,BUY,1,620,2019-03-29T06:54:16.938,2019-03-29T06:54:16.948,,06:54:16.938,06:54:16.938,1,700,620,-80,00:09:56,595.851,1
pert-josh,M1@bmm,4564,433,8644,2,814,NULL,2817947,2817947,2817947,NULL,LIMIT,BUY,1,525,2019-03-29T06:54:21.900,2019-03-29T06:54:21.903,,06:54:21.900,06:54:21.900,0,700,#N/A,#N/A,00:10:01,600.813,1
pert-josh,M5@bmm,4568,433,8645,3,814,NULL,2817952,2817952,2817952,2818017,LIMIT,SELL,1,685,2019-03-29T06:55:02.100,2019-03-29T06:58:26.857,,06:55:02.100,06:55:02.100,0,650,#N/A,#N/A,00:10:41,641.013,-1
pert-josh,M4@bmm,4567,433,8645,3,814,NULL,2817954,2817954,2817954,2817964,LIMIT,SELL,1,595,2019-03-29T06:55:05.541,2019-03-29T06:55:18.822,,06:55:05.541,06:55:05.541,0,650,#N/A,#N/A,00:10:44,644.454,-1
pert-josh,M5@bmm,4568,433,8645,3,814,NULL,2817955,2817955,2817955,2817969,LIMIT,BUY,1,515,2019-03-29T06:55:08.852,2019-03-29T06:55:35.746,,06:55:08.852,06:55:08.852,0,650,#N/A,#N/A,00:10:48,647.765,1
pert-josh,M5@bmm,4568,433,8645,3,814,NULL,2817956,2817956,2817956,NULL,LIMIT,BUY,1,515,2019-03-29T06:55:09.092,2019-03-29T06:55:09.095,,06:55:09.092,06:55:09.092,0,650,#N/A,#N/A,00:10:48,648.005,1
pert-josh,M5@bmm,4568,433,8645,3,814,NULL,2817957,2817957,2817957,NULL,LIMIT,BUY,1,515,2019-03-29T06:55:09.603,2019-03-29T06:55:09.606,,06:55:09.603,06:55:09.603,0,650,#N/A,#N/A,00:10:49,648.516,1
pert-josh,M8@bmm,4571,433,8645,3,814,NULL,2817958,2817958,2817958,2817962,LIMIT,BUY,1,545,2019-03-29T06:55:12.801,2019-03-29T06:55:18.626,,06:55:12.801,06:55:12.801,0,650,#N/A,#N/A,00:10:52,651.714,1
pert-josh,M2@bmm,4565,433,8645,3,814,NULL,2817962,2817962,2817962,2817958,LIMIT,SELL,1,545,2019-03-29T06:55:18.619,2019-03-29T06:55:18.626,,06:55:18.619,06:55:18.619,1,650,545,-105,00:10:58,657.532,-1
pert-josh,M7@bmm,4570,433,8645,3,814,NULL,2817964,2817963,2817963,2817954,LIMIT,BUY,1,595,2019-03-29T06:55:18.815,2019-03-29T06:55:18.822,,06:55:18.815,06:55:18.815,1,650,595,-55,00:10:58,657.728,1
pert-josh,M3@bmm,4566,433,8645,3,814,NULL,2817965,2817965,2817965,2817968,LIMIT,SELL,1,540,2019-03-29T06:55:20.810,2019-03-29T06:55:25.775,,06:55:20.810,06:55:20.810,0,650,#N/A,#N/A,00:11:00,659.723,-1
pert-josh,M6@bmm,4569,433,8645,3,814,NULL,2817968,2817968,2817968,2817965,LIMIT,BUY,1,540,2019-03-29T06:55:25.753,2019-03-29T06:55:25.774,,06:55:25.753,06:55:25.753,1,650,540,-110,00:11:05,664.666,1
pert-josh,M1@bmm,4564,433,8645,3,814,NULL,2817969,2817969,2817969,2817955,LIMIT,SELL,1,515,2019-03-29T06:55:35.740,2019-03-29T06:55:35.746,,06:55:35.740,06:55:35.740,1,650,515,-135,00:11:15,674.653,-1
pert-josh,M7@bmm,4570,433,8645,3,814,NULL,2817970,2817970,2817970,2817990,LIMIT,SELL,1,655,2019-03-29T06:55:41.346,2019-03-29T06:56:48.726,,06:55:41.346,06:55:41.346,0,650,#N/A,#N/A,00:11:20,680.259,-1
pert-josh,M3@bmm,4566,433,8645,3,814,NULL,2817974,2817974,2817974,2817985,LIMIT,SELL,1,615,2019-03-29T06:56:01.427,2019-03-29T06:56:34.800,,06:56:01.427,06:56:01.427,0,650,#N/A,#N/A,00:11:40,700.34,-1
pert-josh,M5@bmm,4568,433,8645,3,814,NULL,2817975,2817975,2817975,NULL,LIMIT,SELL,1,695,2019-03-29T06:56:05.524,2019-03-29T06:56:05.527,,06:56:05.524,06:56:05.524,0,650,#N/A,#N/A,00:11:44,704.437,-1
pert-josh,M8@bmm,4571,433,8645,3,814,NULL,2817977,2817977,2817977,NULL,LIMIT,SELL,1,700,2019-03-29T06:56:10.882,2019-03-29T06:56:10.885,,06:56:10.882,06:56:10.882,0,650,#N/A,#N/A,00:11:50,709.795,-1
pert-josh,M1@bmm,4564,433,8645,3,814,NULL,2817978,2817978,2817978,2817980,LIMIT,SELL,1,610,2019-03-29T06:56:15.980,2019-03-29T06:56:17.563,,06:56:15.980,06:56:15.980,0,650,#N/A,#N/A,00:11:55,714.893,-1
pert-josh,M7@bmm,4570,433,8645,3,814,NULL,2817980,2817979,2817979,2817978,LIMIT,BUY,1,610,2019-03-29T06:56:17.558,2019-03-29T06:56:17.563,,06:56:17.558,06:56:17.558,1,650,610,-40,00:11:56,716.471,1
pert-josh,M5@bmm,4568,433,8645,3,814,NULL,2817981,2817981,2817981,2817999,LIMIT,SELL,1,670,2019-03-29T06:56:20.036,2019-03-29T06:57:22.666,,06:56:20.036,06:56:20.036,0,650,#N/A,#N/A,00:11:59,718.949,-1
pert-josh,M5@bmm,4568,433,8645,3,814,NULL,2817982,2817982,2817982,NULL,LIMIT,BUY,1,475,2019-03-29T06:56:27.253,2019-03-29T06:56:27.256,,06:56:27.253,06:56:27.253,0,650,#N/A,#N/A,00:12:06,726.166,1
pert-josh,M5@bmm,4568,433,8645,3,814,NULL,2817983,2817983,2817983,NULL,LIMIT,BUY,1,570,2019-03-29T06:56:32.516,2019-03-29T06:56:32.519,,06:56:32.516,06:56:32.516,0,650,#N/A,#N/A,00:12:11,731.429,1
pert-josh,M1@bmm,4564,433,8645,3,814,NULL,2817985,2817985,2817985,2817974,LIMIT,BUY,1,615,2019-03-29T06:56:34.794,2019-03-29T06:56:34.800,,06:56:34.794,06:56:34.794,1,650,615,-35,00:12:14,733.707,1
pert-josh,M5@bmm,4568,433,8645,3,814,NULL,2817986,2817986,2817986,NULL,LIMIT,BUY,1,605,2019-03-29T06:56:36.875,2019-03-29T06:56:36.878,,06:56:36.875,06:56:36.875,0,650,#N/A,#N/A,00:12:16,735.788,1
pert-josh,M1@bmm,4564,433,8645,3,814,NULL,2817990,2817990,2817990,2817970,LIMIT,BUY,1,655,2019-03-29T06:56:48.717,2019-03-29T06:56:48.726,,06:56:48.717,06:56:48.717,1,650,655,5,00:12:28,747.63,1
pert-josh,M1@bmm,4564,433,8645,3,814,NULL,2817992,2817992,2817992,2817998,LIMIT,SELL,1,665,2019-03-29T06:56:59.643,2019-03-29T06:57:10.598,,06:56:59.643,06:56:59.643,0,650,#N/A,#N/A,00:12:39,758.556,-1
pert-josh,M3@bmm,4566,433,8645,3,814,NULL,2817993,2817993,2817993,2817997,LIMIT,BUY,1,635,2019-03-29T06:57:01.074,2019-03-29T06:57:08.773,,06:57:01.074,06:57:01.074,0,650,#N/A,#N/A,00:12:40,759.987,1
pert-josh,M1@bmm,4564,433,8645,3,814,NULL,2817997,2817997,2817997,2817993,LIMIT,SELL,1,635,2019-03-29T06:57:08.767,2019-03-29T06:57:08.773,,06:57:08.767,06:57:08.767,1,650,635,-15,00:12:48,767.68,-1
pert-josh,M7@bmm,4570,433,8645,3,814,NULL,2817998,2817998,2817998,2817992,LIMIT,BUY,1,665,2019-03-29T06:57:10.590,2019-03-29T06:57:10.598,,06:57:10.590,06:57:10.590,1,650,665,15,00:12:50,769.503,1
pert-josh,M7@bmm,4570,433,8645,3,814,NULL,2817999,2817999,2817999,2817981,LIMIT,BUY,1,670,2019-03-29T06:57:22.658,2019-03-29T06:57:22.666,,06:57:22.658,06:57:22.658,1,650,670,20,00:13:02,781.571,1
pert-josh,M3@bmm,4566,433,8645,3,814,NULL,2818000,2818000,2818000,2818003,LIMIT,SELL,1,650,2019-03-29T06:57:24.479,2019-03-29T06:57:26.592,,06:57:24.479,06:57:24.479,0,650,#N/A,#N/A,00:13:03,783.392,-1
pert-josh,M8@bmm,4571,433,8645,3,814,NULL,2818003,2818002,2818002,2818000,LIMIT,BUY,1,650,2019-03-29T06:57:26.588,2019-03-29T06:57:26.592,,06:57:26.588,06:57:26.588,1,650,650,0,00:13:06,785.501,1
pert-josh,M3@bmm,4566,433,8645,3,814,NULL,2818006,2818006,2818006,2818016,LIMIT,SELL,1,680,2019-03-29T06:57:37.218,2019-03-29T06:58:26.856,,06:57:37.218,06:57:37.218,0,650,#N/A,#N/A,00:13:16,796.131,-1
pert-josh,M6@bmm,4569,433,8645,3,814,NULL,2818007,2818007,2818007,NULL,LIMIT,BUY,1,550,2019-03-29T06:57:38.725,2019-03-29T06:57:38.728,,06:57:38.725,06:57:38.725,0,650,#N/A,#N/A,00:13:18,797.638,1
pert-josh,M7@bmm,4570,433,8645,3,814,NULL,2818009,2818009,2818009,NULL,LIMIT,SELL,1,685,2019-03-29T06:57:45.393,2019-03-29T06:57:45.396,,06:57:45.393,06:57:45.393,0,650,#N/A,#N/A,00:13:24,804.306,-1
pert-josh,M3@bmm,4566,433,8645,3,814,NULL,2818010,2818010,2818010,NULL,LIMIT,BUY,1,620,2019-03-29T06:57:49.476,2019-03-29T06:57:49.479,,06:57:49.476,06:57:49.476,0,650,#N/A,#N/A,00:13:28,808.389,1
pert-josh,M3@bmm,4566,433,8645,3,814,NULL,2818014,2818014,2818014,NULL,LIMIT,SELL,1,925,2019-03-29T06:58:15.827,2019-03-29T06:58:15.830,,06:58:15.827,06:58:15.827,0,650,#N/A,#N/A,00:13:55,834.74,-1
pert-josh,M1@bmm,4564,433,8645,3,814,NULL,2818016,2818015,2818015,2818006,LIMIT,BUY,1,680,2019-03-29T06:58:26.847,2019-03-29T06:58:26.856,,06:58:26.847,06:58:26.847,1,650,680,30,00:14:06,845.76,1
pert-josh,M1@bmm,4564,433,8645,3,814,NULL,2818017,2818015,2818015,2817952,LIMIT,BUY,1,685,2019-03-29T06:58:26.852,2019-03-29T06:58:26.857,,06:58:26.852,06:58:26.852,1,650,685,35,00:14:06,845.765,1
pert-josh,M7@bmm,4570,433,8645,3,814,NULL,2818018,2818018,2818018,NULL,LIMIT,SELL,1,680,2019-03-29T06:58:45.236,2019-03-29T06:58:45.238,,06:58:45.236,06:58:45.236,0,650,#N/A,#N/A,00:14:24,864.149,-1
pert-josh,M5@bmm,4568,433,8646,4,814,NULL,2818020,2818020,2818020,NULL,LIMIT,SELL,1,655,2019-03-29T06:59:17.636,2019-03-29T06:59:17.639,,06:59:17.636,06:59:17.636,0,600,#N/A,#N/A,00:14:57,896.549,-1
pert-josh,M8@bmm,4571,433,8646,4,814,NULL,2818024,2818024,2818024,2818059,LIMIT,SELL,1,605,2019-03-29T06:59:26.128,2019-03-29T07:01:24.214,,06:59:26.128,06:59:26.128,0,600,#N/A,#N/A,00:15:05,905.041,-1
pert-josh,M5@bmm,4568,433,8646,4,814,NULL,2818026,2818026,2818026,NULL,LIMIT,SELL,1,610,2019-03-29T06:59:26.939,2019-03-29T06:59:26.942,,06:59:26.939,06:59:26.939,0,600,#N/A,#N/A,00:15:06,905.852,-1
pert-josh,M5@bmm,4568,433,8646,4,814,NULL,2818029,2818029,2818029,NULL,LIMIT,SELL,1,625,2019-03-29T06:59:30.715,2019-03-29T06:59:30.718,,06:59:30.715,06:59:30.715,0,600,#N/A,#N/A,00:15:10,909.628,-1
pert-josh,M5@bmm,4568,433,8646,4,814,NULL,2818031,2818031,2818031,NULL,LIMIT,BUY,1,560,2019-03-29T06:59:37.163,2019-03-29T06:59:37.166,,06:59:37.163,06:59:37.163,0,600,#N/A,#N/A,00:15:16,916.076,1
pert-josh,M1@bmm,4564,433,8646,4,814,NULL,2818039,2818039,2818039,2818040,LIMIT,SELL,1,600,2019-03-29T07:00:06.455,2019-03-29T07:00:10.032,,07:00:06.455,07:00:06.455,0,600,#N/A,#N/A,00:15:45,945.368,-1
pert-josh,M2@bmm,4565,433,8646,4,814,NULL,2818040,2818040,2818040,2818039,LIMIT,BUY,1,600,2019-03-29T07:00:10.025,2019-03-29T07:00:10.032,,07:00:10.025,07:00:10.025,1,600,600,0,00:15:49,948.938,1
pert-josh,M3@bmm,4566,433,8646,4,814,NULL,2818041,2818041,2818041,2818045,LIMIT,BUY,1,570,2019-03-29T07:00:13.152,2019-03-29T07:00:25.469,,07:00:13.152,07:00:13.152,0,600,#N/A,#N/A,00:15:52,952.065,1
pert-josh,M5@bmm,4568,433,8646,4,814,NULL,2818042,2818042,2818042,2818063,LIMIT,SELL,1,605,2019-03-29T07:00:21.517,2019-03-29T07:01:35.870,,07:00:21.517,07:00:21.517,0,600,#N/A,#N/A,00:16:00,960.43,-1
pert-josh,M7@bmm,4570,433,8646,4,814,NULL,2818044,2818044,2818044,2818055,LIMIT,SELL,1,600,2019-03-29T07:00:24.452,2019-03-29T07:01:04.548,,07:00:24.452,07:00:24.452,0,600,#N/A,#N/A,00:16:03,963.365,-1
pert-josh,M1@bmm,4564,433,8646,4,814,NULL,2818045,2818045,2818045,2818041,LIMIT,SELL,1,570,2019-03-29T07:00:25.462,2019-03-29T07:00:25.469,,07:00:25.462,07:00:25.462,1,600,570,-30,00:16:04,964.375,-1
pert-josh,M5@bmm,4568,433,8646,4,814,NULL,2818046,2818046,2818046,NULL,LIMIT,BUY,1,585,2019-03-29T07:00:31.158,2019-03-29T07:00:31.161,,07:00:31.158,07:00:31.158,0,600,#N/A,#N/A,00:16:10,970.071,1
pert-josh,M5@bmm,4568,433,8646,4,814,NULL,2818048,2818048,2818048,2818053,LIMIT,BUY,1,595,2019-03-29T07:00:49.685,2019-03-29T07:00:59.586,,07:00:49.685,07:00:49.685,0,600,#N/A,#N/A,00:16:29,988.598,1
pert-josh,M5@bmm,4568,433,8646,4,814,NULL,2818049,2818049,2818049,2818068,LIMIT,BUY,1,595,2019-03-29T07:00:52.451,2019-03-29T07:01:47.230,,07:00:52.451,07:00:52.451,0,600,#N/A,#N/A,00:16:31,991.364,1
pert-josh,M5@bmm,4568,433,8646,4,814,NULL,2818050,2818050,2818050,2818069,LIMIT,BUY,1,595,2019-03-29T07:00:52.873,2019-03-29T07:01:47.230,,07:00:52.873,07:00:52.873,0,600,#N/A,#N/A,00:16:32,991.786,1
pert-josh,M3@bmm,4566,433,8646,4,814,NULL,2818051,2818051,2818051,NULL,LIMIT,SELL,1,605,2019-03-29T07:00:53.936,2019-03-29T07:00:53.942,,07:00:53.936,07:00:53.936,0,600,#N/A,#N/A,00:16:33,992.849,-1
pert-josh,M5@bmm,4568,433,8646,4,814,NULL,2818052,2818052,2818052,2818080,LIMIT,BUY,1,595,2019-03-29T07:00:54.237,2019-03-29T07:02:30.589,,07:00:54.237,07:00:54.237,0,600,#N/A,#N/A,00:16:33,993.15,1
pert-josh,M7@bmm,4570,433,8646,4,814,NULL,2818053,2818053,2818053,2818048,LIMIT,SELL,1,595,2019-03-29T07:00:59.577,2019-03-29T07:00:59.586,,07:00:59.577,07:00:59.577,1,600,595,-5,00:16:38,998.49,-1
pert-josh,M5@bmm,4568,433,8646,4,814,NULL,2818054,2818054,2818054,NULL,LIMIT,BUY,1,595,2019-03-29T07:01:02.464,2019-03-29T07:01:02.468,,07:01:02.464,07:01:02.464,0,600,#N/A,#N/A,00:16:41,1001.377,1
pert-josh,M2@bmm,4565,433,8646,4,814,NULL,2818055,2818055,2818055,2818044,LIMIT,BUY,1,600,2019-03-29T07:01:04.539,2019-03-29T07:01:04.547,,07:01:04.539,07:01:04.539,1,600,600,0,00:16:43,1003.452,1
pert-josh,M6@bmm,4569,433,8646,4,814,NULL,2818056,2818056,2818056,2818057,LIMIT,SELL,1,600,2019-03-29T07:01:08.850,2019-03-29T07:01:17.424,,07:01:08.850,07:01:08.850,0,600,#N/A,#N/A,00:16:48,1007.763,-1
pert-josh,M1@bmm,4564,433,8646,4,814,NULL,2818057,2818057,2818057,2818056,LIMIT,BUY,1,600,2019-03-29T07:01:17.416,2019-03-29T07:01:17.423,,07:01:17.416,07:01:17.416,1,600,600,0,00:16:56,1016.329,1
pert-josh,M7@bmm,4570,433,8646,4,814,NULL,2818058,2818058,2818058,2818060,LIMIT,BUY,1,600,2019-03-29T07:01:23.001,2019-03-29T07:01:28.061,,07:01:23.001,07:01:23.001,0,600,#N/A,#N/A,00:17:02,1021.914,1
pert-josh,M1@bmm,4564,433,8646,4,814,NULL,2818059,2818059,2818059,2818024,LIMIT,BUY,1,605,2019-03-29T07:01:24.206,2019-03-29T07:01:24.214,,07:01:24.206,07:01:24.206,1,600,605,5,00:17:03,1023.119,1
pert-josh,M6@bmm,4569,433,8646,4,814,NULL,2818060,2818060,2818060,2818058,LIMIT,SELL,1,600,2019-03-29T07:01:28.054,2019-03-29T07:01:28.061,,07:01:28.054,07:01:28.054,1,600,600,0,00:17:07,1026.967,-1
pert-josh,M7@bmm,4570,433,8646,4,814,NULL,2818063,2818063,2818063,2818042,LIMIT,BUY,1,605,2019-03-29T07:01:35.864,2019-03-29T07:01:35.870,,07:01:35.864,07:01:35.864,1,600,605,5,00:17:15,1034.777,1
pert-josh,M3@bmm,4566,433,8646,4,814,NULL,2818064,2818064,2818064,2818065,LIMIT,BUY,1,600,2019-03-29T07:01:40.106,2019-03-29T07:01:41.755,,07:01:40.106,07:01:40.106,0,600,#N/A,#N/A,00:17:19,1039.019,1
pert-josh,M2@bmm,4565,433,8646,4,814,NULL,2818065,2818065,2818065,2818064,LIMIT,SELL,1,600,2019-03-29T07:01:41.747,2019-03-29T07:01:41.754,,07:01:41.747,07:01:41.747,1,600,600,0,00:17:21,1040.66,-1
pert-josh,M6@bmm,4569,433,8646,4,814,NULL,2818066,2818066,2818066,2818070,LIMIT,SELL,1,600,2019-03-29T07:01:43.622,2019-03-29T07:01:50.751,,07:01:43.622,07:01:43.622,0,600,#N/A,#N/A,00:17:23,1042.535,-1
pert-josh,M1@bmm,4564,433,8646,4,814,NULL,2818068,2818067,2818067,2818049,LIMIT,SELL,1,595,2019-03-29T07:01:47.222,2019-03-29T07:01:47.230,,07:01:47.222,07:01:47.222,1,600,595,-5,00:17:26,1046.135,-1
pert-josh,M1@bmm,4564,433,8646,4,814,NULL,2818069,2818067,2818067,2818050,LIMIT,SELL,1,595,2019-03-29T07:01:47.226,2019-03-29T07:01:47.230,,07:01:47.226,07:01:47.226,1,600,595,-5,00:17:26,1046.139,-1
pert-josh,M8@bmm,4571,433,8646,4,814,NULL,2818070,2818070,2818070,2818066,LIMIT,BUY,1,600,2019-03-29T07:01:50.744,2019-03-29T07:01:50.751,,07:01:50.744,07:01:50.744,1,600,600,0,00:17:30,1049.657,1
pert-josh,M7@bmm,4570,433,8646,4,814,NULL,2818071,2818071,2818071,NULL,LIMIT,SELL,1,600,2019-03-29T07:01:55.027,2019-03-29T07:01:55.030,,07:01:55.027,07:01:55.027,0,600,#N/A,#N/A,00:17:34,1053.94,-1
pert-josh,M5@bmm,4568,433,8646,4,814,NULL,2818074,2818074,2818074,NULL,LIMIT,SELL,1,625,2019-03-29T07:02:00.596,2019-03-29T07:02:00.600,,07:02:00.596,07:02:00.596,0,600,#N/A,#N/A,00:17:40,1059.509,-1
pert-josh,M5@bmm,4568,433,8646,4,814,NULL,2818075,2818075,2818075,NULL,LIMIT,SELL,1,610,2019-03-29T07:02:04.678,2019-03-29T07:02:04.681,,07:02:04.678,07:02:04.678,0,600,#N/A,#N/A,00:17:44,1063.591,-1
pert-josh,M3@bmm,4566,433,8646,4,814,NULL,2818076,2818076,2818076,NULL,LIMIT,SELL,1,600,2019-03-29T07:02:05.207,2019-03-29T07:02:05.210,,07:02:05.207,07:02:05.207,0,600,#N/A,#N/A,00:17:44,1064.12,-1
pert-josh,M5@bmm,4568,433,8646,4,814,NULL,2818077,2818077,2818077,NULL,LIMIT,SELL,1,605,2019-03-29T07:02:06.628,2019-03-29T07:02:06.631,,07:02:06.628,07:02:06.628,0,600,#N/A,#N/A,00:17:46,1065.541,-1
pert-josh,M8@bmm,4571,433,8646,4,814,NULL,2818079,2818079,2818079,NULL,LIMIT,SELL,1,605,2019-03-29T07:02:19.438,2019-03-29T07:02:19.441,,07:02:19.438,07:02:19.438,0,600,#N/A,#N/A,00:17:58,1078.351,-1
pert-josh,M7@bmm,4570,433,8646,4,814,NULL,2818080,2818080,2818080,2818052,LIMIT,SELL,1,595,2019-03-29T07:02:30.583,2019-03-29T07:02:30.589,,07:02:30.583,07:02:30.583,1,600,595,-5,00:18:09,1089.496,-1
pert-josh,M5@bmm,4568,433,8646,4,814,NULL,2818081,2818081,2818081,NULL,LIMIT,BUY,1,595,2019-03-29T07:02:34.246,2019-03-29T07:02:34.249,,07:02:34.246,07:02:34.246,0,600,#N/A,#N/A,00:18:13,1093.159,1
pert-josh,M5@bmm,4568,433,8647,5,814,NULL,2818084,2818084,2818084,NULL,LIMIT,SELL,1,610,2019-03-29T07:03:31.998,2019-03-29T07:03:32.001,,07:03:31.998,07:03:31.998,0,550,#N/A,#N/A,00:19:11,1150.911,-1
pert-josh,M3@bmm,4566,433,8647,5,814,NULL,2818085,2818085,2818085,NULL,LIMIT,SELL,1,610,2019-03-29T07:03:32.219,2019-03-29T07:03:32.225,,07:03:32.219,07:03:32.219,0,550,#N/A,#N/A,00:19:11,1151.132,-1
pert-josh,M5@bmm,4568,433,8647,5,814,NULL,2818086,2818086,2818086,NULL,LIMIT,SELL,1,600,2019-03-29T07:03:34.662,2019-03-29T07:03:34.665,,07:03:34.662,07:03:34.662,0,550,#N/A,#N/A,00:19:14,1153.575,-1
pert-josh,M4@bmm,4567,433,8647,5,814,NULL,2818087,2818087,2818087,2818149,LIMIT,BUY,1,545,2019-03-29T07:03:38.921,2019-03-29T07:05:41.662,,07:03:38.921,07:03:38.921,0,550,#N/A,#N/A,00:19:18,1157.834,1
pert-josh,M5@bmm,4568,433,8647,5,814,NULL,2818090,2818090,2818090,NULL,LIMIT,BUY,1,540,2019-03-29T07:03:42.270,2019-03-29T07:03:42.273,,07:03:42.270,07:03:42.270,0,550,#N/A,#N/A,00:19:21,1161.183,1
pert-josh,M5@bmm,4568,433,8647,5,814,NULL,2818091,2818091,2818091,NULL,LIMIT,BUY,1,535,2019-03-29T07:03:43.725,2019-03-29T07:03:43.730,,07:03:43.725,07:03:43.725,0,550,#N/A,#N/A,00:19:23,1162.638,1
pert-josh,M5@bmm,4568,433,8647,5,814,NULL,2818092,2818092,2818092,NULL,LIMIT,BUY,1,530,2019-03-29T07:03:44.940,2019-03-29T07:03:44.944,,07:03:44.940,07:03:44.940,0,550,#N/A,#N/A,00:19:24,1163.853,1
pert-josh,M7@bmm,4570,433,8647,5,814,NULL,2818093,2818093,2818093,NULL,LIMIT,SELL,1,610,2019-03-29T07:03:46.715,2019-03-29T07:03:46.719,,07:03:46.715,07:03:46.715,0,550,#N/A,#N/A,00:19:26,1165.628,-1
pert-josh,M5@bmm,4568,433,8647,5,814,NULL,2818095,2818095,2818095,2818153,LIMIT,BUY,1,545,2019-03-29T07:03:47.357,2019-03-29T07:05:52.076,,07:03:47.357,07:03:47.357,0,550,#N/A,#N/A,00:19:26,1166.27,1
pert-josh,M5@bmm,4568,433,8647,5,814,NULL,2818096,2818096,2818096,2818160,LIMIT,BUY,1,545,2019-03-29T07:03:50.463,2019-03-29T07:06:20.312,,07:03:50.463,07:03:50.463,0,550,#N/A,#N/A,00:19:29,1169.376,1
pert-josh,M1@bmm,4564,433,8647,5,814,NULL,2818097,2818097,2818097,2818100,LIMIT,SELL,1,595,2019-03-29T07:03:55.793,2019-03-29T07:04:01.097,,07:03:55.793,07:03:55.793,0,550,#N/A,#N/A,00:19:35,1174.706,-1
pert-josh,M5@bmm,4568,433,8647,5,814,NULL,2818099,2818099,2818099,NULL,LIMIT,BUY,1,545,2019-03-29T07:03:57.380,2019-03-29T07:03:57.383,,07:03:57.380,07:03:57.380,0,550,#N/A,#N/A,00:19:36,1176.293,1
pert-josh,M7@bmm,4570,433,8647,5,814,NULL,2818100,2818100,2818100,2818097,LIMIT,BUY,1,595,2019-03-29T07:04:01.089,2019-03-29T07:04:01.096,,07:04:01.089,07:04:01.089,1,550,595,45,00:19:40,1180.002,1
pert-josh,M8@bmm,4571,433,8647,5,814,NULL,2818101,2818101,2818101,2818139,LIMIT,BUY,1,550,2019-03-29T07:04:03.479,2019-03-29T07:05:04.337,,07:04:03.479,07:04:03.479,0,550,#N/A,#N/A,00:19:42,1182.392,1
pert-josh,M6@bmm,4569,433,8647,5,814,NULL,2818105,2818105,2818105,2818110,LIMIT,SELL,1,570,2019-03-29T07:04:07.066,2019-03-29T07:04:15.674,,07:04:07.066,07:04:07.066,0,550,#N/A,#N/A,00:19:46,1185.979,-1
pert-josh,M5@bmm,4568,433,8647,5,814,NULL,2818106,2818106,2818106,NULL,LIMIT,BUY,1,545,2019-03-29T07:04:10.942,2019-03-29T07:04:10.945,,07:04:10.942,07:04:10.942,0,550,#N/A,#N/A,00:19:50,1189.855,1
pert-josh,M6@bmm,4569,433,8647,5,814,NULL,2818108,2818108,2818108,2818114,LIMIT,SELL,1,585,2019-03-29T07:04:15.037,2019-03-29T07:04:25.794,,07:04:15.037,07:04:15.037,0,550,#N/A,#N/A,00:19:54,1193.95,-1
pert-josh,M1@bmm,4564,433,8647,5,814,NULL,2818110,2818110,2818110,2818105,LIMIT,BUY,1,570,2019-03-29T07:04:15.667,2019-03-29T07:04:15.674,,07:04:15.667,07:04:15.667,1,550,570,20,00:19:55,1194.58,1
pert-josh,M7@bmm,4570,433,8647,5,814,NULL,2818111,2818111,2818111,2818113,LIMIT,BUY,1,580,2019-03-29T07:04:21.975,2019-03-29T07:04:25.633,,07:04:21.975,07:04:21.975,0,550,#N/A,#N/A,00:20:01,1200.888,1
pert-josh,M5@bmm,4568,433,8647,5,814,NULL,2818113,2818112,2818112,2818111,LIMIT,SELL,1,580,2019-03-29T07:04:25.629,2019-03-29T07:04:25.633,,07:04:25.629,07:04:25.629,1,550,580,30,00:20:05,1204.542,-1
pert-josh,M2@bmm,4565,433,8647,5,814,NULL,2818114,2818114,2818114,2818108,LIMIT,BUY,1,585,2019-03-29T07:04:25.787,2019-03-29T07:04:25.794,,07:04:25.787,07:04:25.787,1,550,585,35,00:20:05,1204.7,1
pert-josh,M6@bmm,4569,433,8647,5,814,NULL,2818115,2818115,2818115,NULL,LIMIT,SELL,1,585,2019-03-29T07:04:27.205,2019-03-29T07:04:27.208,,07:04:27.205,07:04:27.205,0,550,#N/A,#N/A,00:20:06,1206.118,-1
pert-josh,M5@bmm,4568,433,8647,5,814,NULL,2818116,2818116,2818116,2818119,LIMIT,SELL,1,570,2019-03-29T07:04:28.934,2019-03-29T07:04:32.144,,07:04:28.934,07:04:28.934,0,550,#N/A,#N/A,00:20:08,1207.847,-1
pert-josh,M7@bmm,4570,433,8647,5,814,NULL,2818119,2818118,2818118,2818116,LIMIT,BUY,1,570,2019-03-29T07:04:32.140,2019-03-29T07:04:32.144,,07:04:32.140,07:04:32.140,1,550,570,20,00:20:11,1211.053,1
pert-josh,M3@bmm,4566,433,8647,5,814,NULL,2818121,2818121,2818121,2818123,LIMIT,SELL,1,570,2019-03-29T07:04:37.142,2019-03-29T07:04:40.317,,07:04:37.142,07:04:37.142,0,550,#N/A,#N/A,00:20:16,1216.055,-1
pert-josh,M7@bmm,4570,433,8647,5,814,NULL,2818123,2818122,2818122,2818121,LIMIT,BUY,1,570,2019-03-29T07:04:40.313,2019-03-29T07:04:40.317,,07:04:40.313,07:04:40.313,1,550,570,20,00:20:19,1219.226,1
pert-josh,M1@bmm,4564,433,8647,5,814,NULL,2818124,2818124,2818124,2818126,LIMIT,SELL,1,560,2019-03-29T07:04:41.125,2019-03-29T07:04:42.600,,07:04:41.125,07:04:41.125,0,550,#N/A,#N/A,00:20:20,1220.038,-1
pert-josh,M8@bmm,4571,433,8647,5,814,NULL,2818126,2818125,2818125,2818124,LIMIT,BUY,1,560,2019-03-29T07:04:42.596,2019-03-29T07:04:42.600,,07:04:42.596,07:04:42.596,1,550,560,10,00:20:22,1221.509,1
pert-josh,M5@bmm,4568,433,8647,5,814,NULL,2818127,2818127,2818127,NULL,LIMIT,SELL,1,580,2019-03-29T07:04:44.280,2019-03-29T07:04:44.283,,07:04:44.280,07:04:44.280,0,550,#N/A,#N/A,00:20:23,1223.193,-1
pert-josh,M5@bmm,4568,433,8647,5,814,NULL,2818128,2818128,2818128,2818130,LIMIT,SELL,1,575,2019-03-29T07:04:46.460,2019-03-29T07:04:50.985,,07:04:46.460,07:04:46.460,0,550,#N/A,#N/A,00:20:25,1225.373,-1
pert-josh,M6@bmm,4569,433,8647,5,814,NULL,2818129,2818129,2818129,2818131,LIMIT,SELL,1,575,2019-03-29T07:04:48.574,2019-03-29T07:04:51.704,,07:04:48.574,07:04:48.574,0,550,#N/A,#N/A,00:20:27,1227.487,-1
pert-josh,M7@bmm,4570,433,8647,5,814,NULL,2818130,2818130,2818130,2818128,LIMIT,BUY,1,575,2019-03-29T07:04:50.978,2019-03-29T07:04:50.985,,07:04:50.978,07:04:50.978,1,550,575,25,00:20:30,1229.891,1
pert-josh,M7@bmm,4570,433,8647,5,814,NULL,2818131,2818131,2818131,2818129,LIMIT,BUY,1,575,2019-03-29T07:04:51.698,2019-03-29T07:04:51.704,,07:04:51.698,07:04:51.698,1,550,575,25,00:20:31,1230.611,1
pert-josh,M6@bmm,4569,433,8647,5,814,NULL,2818132,2818132,2818132,2818137,LIMIT,SELL,1,570,2019-03-29T07:04:51.727,2019-03-29T07:04:57.954,,07:04:51.727,07:04:51.727,0,550,#N/A,#N/A,00:20:31,1230.64,-1
pert-josh,M5@bmm,4568,433,8647,5,814,NULL,2818133,2818133,2818133,NULL,LIMIT,BUY,1,535,2019-03-29T07:04:53.728,2019-03-29T07:04:53.731,,07:04:53.728,07:04:53.728,0,550,#N/A,#N/A,00:20:33,1232.641,1
pert-josh,M5@bmm,4568,433,8647,5,814,NULL,2818135,2818135,2818135,NULL,LIMIT,BUY,1,540,2019-03-29T07:04:55.895,2019-03-29T07:04:55.898,,07:04:55.895,07:04:55.895,0,550,#N/A,#N/A,00:20:35,1234.808,1
pert-josh,M5@bmm,4568,433,8647,5,814,NULL,2818136,2818136,2818136,NULL,LIMIT,BUY,1,545,2019-03-29T07:04:57.277,2019-03-29T07:04:57.281,,07:04:57.277,07:04:57.277,0,550,#N/A,#N/A,00:20:36,1236.19,1
pert-josh,M1@bmm,4564,433,8647,5,814,NULL,2818137,2818137,2818137,2818132,LIMIT,BUY,1,570,2019-03-29T07:04:57.948,2019-03-29T07:04:57.954,,07:04:57.948,07:04:57.948,1,550,570,20,00:20:37,1236.861,1
pert-josh,M5@bmm,4568,433,8647,5,814,NULL,2818138,2818138,2818138,NULL,LIMIT,BUY,1,545,2019-03-29T07:05:04.148,2019-03-29T07:05:04.151,,07:05:04.148,07:05:04.148,0,550,#N/A,#N/A,00:20:43,1243.061,1
pert-josh,M7@bmm,4570,433,8647,5,814,NULL,2818139,2818139,2818139,2818101,LIMIT,SELL,1,550,2019-03-29T07:05:04.329,2019-03-29T07:05:04.337,,07:05:04.329,07:05:04.329,1,550,550,0,00:20:43,1243.242,-1
pert-josh,M6@bmm,4569,433,8647,5,814,NULL,2818140,2818140,2818140,NULL,LIMIT,SELL,1,565,2019-03-29T07:05:04.622,2019-03-29T07:05:04.626,,07:05:04.622,07:05:04.622,0,550,#N/A,#N/A,00:20:44,1243.535,-1
pert-josh,M5@bmm,4568,433,8647,5,814,NULL,2818141,2818141,2818141,NULL,LIMIT,SELL,1,560,2019-03-29T07:05:07.303,2019-03-29T07:05:07.306,,07:05:07.303,07:05:07.303,0,550,#N/A,#N/A,00:20:46,1246.216,-1
pert-josh,M5@bmm,4568,433,8647,5,814,NULL,2818142,2818142,2818142,NULL,LIMIT,SELL,1,565,2019-03-29T07:05:09.983,2019-03-29T07:05:09.986,,07:05:09.983,07:05:09.983,0,550,#N/A,#N/A,00:20:49,1248.896,-1
pert-josh,M6@bmm,4569,433,8647,5,814,NULL,2818143,2818143,2818143,NULL,LIMIT,SELL,1,555,2019-03-29T07:05:11.950,2019-03-29T07:05:11.952,,07:05:11.950,07:05:11.950,0,550,#N/A,#N/A,00:20:51,1250.863,-1
pert-josh,M6@bmm,4569,433,8647,5,814,NULL,2818145,2818145,2818145,2818155,LIMIT,SELL,1,550,2019-03-29T07:05:21.585,2019-03-29T07:05:55.483,,07:05:21.585,07:05:21.585,0,550,#N/A,#N/A,00:21:00,1260.498,-1
pert-josh,M3@bmm,4566,433,8647,5,814,NULL,2818147,2818147,2818147,NULL,LIMIT,SELL,1,575,2019-03-29T07:05:30.175,2019-03-29T07:05:30.178,,07:05:30.175,07:05:30.175,0,550,#N/A,#N/A,00:21:09,1269.088,-1
pert-josh,M8@bmm,4571,433,8647,5,814,NULL,2818149,2818148,2818148,2818087,LIMIT,SELL,1,545,2019-03-29T07:05:41.657,2019-03-29T07:05:41.662,,07:05:41.657,07:05:41.657,1,550,545,-5,00:21:21,1280.57,-1
pert-josh,M5@bmm,4568,433,8647,5,814,NULL,2818150,2818150,2818150,NULL,LIMIT,SELL,1,555,2019-03-29T07:05:46.457,2019-03-29T07:05:46.461,,07:05:46.457,07:05:46.457,0,550,#N/A,#N/A,00:21:25,1285.37,-1
pert-josh,M6@bmm,4569,433,8647,5,814,NULL,2818153,2818153,2818153,2818095,LIMIT,SELL,1,545,2019-03-29T07:05:52.067,2019-03-29T07:05:52.076,,07:05:52.067,07:05:52.067,1,550,545,-5,00:21:31,1290.98,-1
pert-josh,M7@bmm,4570,433,8647,5,814,NULL,2818155,2818155,2818155,2818145,LIMIT,BUY,1,550,2019-03-29T07:05:55.475,2019-03-29T07:05:55.483,,07:05:55.475,07:05:55.475,1,550,550,0,00:21:34,1294.388,1
pert-josh,M3@bmm,4566,433,8647,5,814,NULL,2818157,2818157,2818157,NULL,LIMIT,SELL,1,555,2019-03-29T07:06:11.482,2019-03-29T07:06:11.485,,07:06:11.482,07:06:11.482,0,550,#N/A,#N/A,00:21:50,1310.395,-1
pert-josh,M6@bmm,4569,433,8647,5,814,NULL,2818160,2818160,2818160,2818096,LIMIT,SELL,1,545,2019-03-29T07:06:20.304,2019-03-29T07:06:20.312,,07:06:20.304,07:06:20.304,1,550,545,-5,00:21:59,1319.217,-1
pert-josh,M7@bmm,4570,433,8648,6,814,NULL,2818161,2818161,2818161,2818166,LIMIT,BUY,1,560,2019-03-29T07:06:50.264,2019-03-29T07:06:56.987,,07:06:50.264,07:06:50.264,0,500,#N/A,#N/A,00:22:29,1349.177,1
pert-josh,M5@bmm,4568,433,8648,6,814,NULL,2818162,2818162,2818162,NULL,LIMIT,SELL,1,635,2019-03-29T07:06:51.165,2019-03-29T07:06:51.168,,07:06:51.165,07:06:51.165,0,500,#N/A,#N/A,00:22:30,1350.078,-1
pert-josh,M5@bmm,4568,433,8648,6,814,NULL,2818163,2818163,2818163,NULL,LIMIT,SELL,1,630,2019-03-29T07:06:52.032,2019-03-29T07:06:52.036,,07:06:52.032,07:06:52.032,0,500,#N/A,#N/A,00:22:31,1350.945,-1
pert-josh,M5@bmm,4568,433,8648,6,814,NULL,2818166,2818165,2818165,2818161,LIMIT,SELL,1,560,2019-03-29T07:06:56.983,2019-03-29T07:06:56.987,,07:06:56.983,07:06:56.983,1,500,560,60,00:22:36,1355.896,-1
pert-josh,M3@bmm,4566,433,8648,6,814,NULL,2818167,2818167,2818167,2818170,LIMIT,BUY,1,535,2019-03-29T07:07:00.557,2019-03-29T07:07:03.927,,07:07:00.557,07:07:00.557,0,500,#N/A,#N/A,00:22:39,1359.47,1
pert-josh,M5@bmm,4568,433,8648,6,814,NULL,2818168,2818168,2818168,NULL,LIMIT,BUY,1,495,2019-03-29T07:07:03.241,2019-03-29T07:07:03.244,,07:07:03.241,07:07:03.241,0,500,#N/A,#N/A,00:22:42,1362.154,1
pert-josh,M6@bmm,4569,433,8648,6,814,NULL,2818170,2818169,2818169,2818167,LIMIT,SELL,1,535,2019-03-29T07:07:03.918,2019-03-29T07:07:03.927,,07:07:03.918,07:07:03.918,1,500,535,35,00:22:43,1362.831,-1
pert-josh,M6@bmm,4569,433,8648,6,814,NULL,2818171,2818169,2818169,2818173,LIMIT,SELL,1,515,2019-03-29T07:07:03.912,2019-03-29T07:07:04.553,,07:07:03.912,07:07:03.912,0,500,#N/A,#N/A,00:22:43,1362.825,-1
pert-josh,M2@bmm,4565,433,8648,6,814,NULL,2818173,2818172,2818172,2818171,LIMIT,BUY,1,515,2019-03-29T07:07:04.548,2019-03-29T07:07:04.553,,07:07:04.548,07:07:04.548,1,500,515,15,00:22:43,1363.461,1
pert-josh,M5@bmm,4568,433,8648,6,814,NULL,2818174,2818174,2818174,NULL,LIMIT,BUY,1,490,2019-03-29T07:07:05.168,2019-03-29T07:07:05.171,,07:07:05.168,07:07:05.168,0,500,#N/A,#N/A,00:22:44,1364.081,1
pert-josh,M7@bmm,4570,433,8648,6,814,NULL,2818175,2818175,2818175,2818180,LIMIT,BUY,1,560,2019-03-29T07:07:05.433,2019-03-29T07:07:06.857,,07:07:05.433,07:07:05.433,0,500,#N/A,#N/A,00:22:44,1364.346,1
pert-josh,M8@bmm,4571,433,8648,6,814,NULL,2818176,2818176,2818176,2818179,LIMIT,BUY,1,575,2019-03-29T07:07:06.248,2019-03-29T07:07:06.857,,07:07:06.248,07:07:06.248,0,500,#N/A,#N/A,00:22:45,1365.161,1
pert-josh,M5@bmm,4568,433,8648,6,814,NULL,2818177,2818177,2818177,NULL,LIMIT,BUY,1,485,2019-03-29T07:07:06.721,2019-03-29T07:07:06.724,,07:07:06.721,07:07:06.721,0,500,#N/A,#N/A,00:22:46,1365.634,1
pert-josh,M6@bmm,4569,433,8648,6,814,NULL,2818179,2818178,2818178,2818176,LIMIT,SELL,1,575,2019-03-29T07:07:06.849,2019-03-29T07:07:06.857,,07:07:06.849,07:07:06.849,1,500,575,75,00:22:46,1365.762,-1
pert-josh,M6@bmm,4569,433,8648,6,814,NULL,2818180,2818178,2818178,2818175,LIMIT,SELL,1,560,2019-03-29T07:07:06.853,2019-03-29T07:07:06.858,,07:07:06.853,07:07:06.853,1,500,560,60,00:22:46,1365.766,-1
pert-josh,M5@bmm,4568,433,8648,6,814,NULL,2818181,2818181,2818181,NULL,LIMIT,BUY,1,490,2019-03-29T07:07:08.467,2019-03-29T07:07:08.470,,07:07:08.467,07:07:08.467,0,500,#N/A,#N/A,00:22:47,1367.38,1
pert-josh,M5@bmm,4568,433,8648,6,814,NULL,2818182,2818182,2818182,NULL,LIMIT,BUY,1,495,2019-03-29T07:07:09.753,2019-03-29T07:07:09.757,,07:07:09.753,07:07:09.753,0,500,#N/A,#N/A,00:22:49,1368.666,1
pert-josh,M5@bmm,4568,433,8648,6,814,NULL,2818183,2818183,2818183,NULL,LIMIT,BUY,1,495,2019-03-29T07:07:13.395,2019-03-29T07:07:13.398,,07:07:13.395,07:07:13.395,0,500,#N/A,#N/A,00:22:52,1372.308,1
pert-josh,M5@bmm,4568,433,8648,6,814,NULL,2818184,2818184,2818184,NULL,LIMIT,BUY,1,490,2019-03-29T07:07:15.385,2019-03-29T07:07:15.389,,07:07:15.385,07:07:15.385,0,500,#N/A,#N/A,00:22:54,1374.298,1
pert-josh,M5@bmm,4568,433,8648,6,814,NULL,2818185,2818185,2818185,NULL,LIMIT,BUY,1,490,2019-03-29T07:07:16.121,2019-03-29T07:07:16.124,,07:07:16.121,07:07:16.121,0,500,#N/A,#N/A,00:22:55,1375.034,1
pert-josh,M4@bmm,4567,433,8648,6,814,NULL,2818186,2818186,2818186,2818220,LIMIT,BUY,1,500,2019-03-29T07:07:16.446,2019-03-29T07:08:34.779,,07:07:16.446,07:07:16.446,0,500,#N/A,#N/A,00:22:55,1375.359,1
pert-josh,M7@bmm,4570,433,8648,6,814,NULL,2818188,2818188,2818188,2818190,LIMIT,BUY,1,590,2019-03-29T07:07:19.215,2019-03-29T07:07:20.294,,07:07:19.215,07:07:19.215,0,500,#N/A,#N/A,00:22:58,1378.128,1
pert-josh,M6@bmm,4569,433,8648,6,814,NULL,2818190,2818189,2818189,2818188,LIMIT,SELL,1,590,2019-03-29T07:07:20.287,2019-03-29T07:07:20.295,,07:07:20.287,07:07:20.287,1,500,590,90,00:22:59,1379.2,-1
pert-josh,M5@bmm,4568,433,8648,6,814,NULL,2818192,2818192,2818192,2818200,LIMIT,SELL,1,505,2019-03-29T07:07:21.569,2019-03-29T07:07:42.512,,07:07:21.569,07:07:21.569,0,500,#N/A,#N/A,00:23:00,1380.482,-1
pert-josh,M3@bmm,4566,433,8648,6,814,NULL,2818193,2818193,2818193,NULL,LIMIT,SELL,1,555,2019-03-29T07:07:22.526,2019-03-29T07:07:22.530,,07:07:22.526,07:07:22.526,0,500,#N/A,#N/A,00:23:01,1381.439,-1
pert-josh,M5@bmm,4568,433,8648,6,814,NULL,2818194,2818194,2818194,NULL,LIMIT,SELL,1,510,2019-03-29T07:07:22.670,2019-03-29T07:07:22.673,,07:07:22.670,07:07:22.670,0,500,#N/A,#N/A,00:23:02,1381.583,-1
pert-josh,M5@bmm,4568,433,8648,6,814,NULL,2818198,2818198,2818198,NULL,LIMIT,SELL,1,510,2019-03-29T07:07:38.233,2019-03-29T07:07:38.236,,07:07:38.233,07:07:38.233,0,500,#N/A,#N/A,00:23:17,1397.146,-1
pert-josh,M5@bmm,4568,433,8648,6,814,NULL,2818199,2818199,2818199,2818204,LIMIT,SELL,1,505,2019-03-29T07:07:42.026,2019-03-29T07:07:45.618,,07:07:42.026,07:07:42.026,0,500,#N/A,#N/A,00:23:21,1400.939,-1
pert-josh,M7@bmm,4570,433,8648,6,814,NULL,2818200,2818200,2818200,2818192,LIMIT,BUY,1,505,2019-03-29T07:07:42.506,2019-03-29T07:07:42.512,,07:07:42.506,07:07:42.506,1,500,505,5,00:23:21,1401.419,1
pert-josh,M5@bmm,4568,433,8648,6,814,NULL,2818201,2818201,2818201,2818215,LIMIT,SELL,1,505,2019-03-29T07:07:42.825,2019-03-29T07:08:08.521,,07:07:42.825,07:07:42.825,0,500,#N/A,#N/A,00:23:22,1401.738,-1
pert-josh,M8@bmm,4571,433,8648,6,814,NULL,2818204,2818203,2818203,2818199,LIMIT,BUY,1,505,2019-03-29T07:07:45.614,2019-03-29T07:07:45.618,,07:07:45.614,07:07:45.614,1,500,505,5,00:23:25,1404.527,1
pert-josh,M5@bmm,4568,433,8648,6,814,NULL,2818206,2818206,2818206,NULL,LIMIT,BUY,1,495,2019-03-29T07:07:50.203,2019-03-29T07:07:50.206,,07:07:50.203,07:07:50.203,0,500,#N/A,#N/A,00:23:29,1409.116,1
pert-josh,M5@bmm,4568,433,8648,6,814,NULL,2818207,2818207,2818207,NULL,LIMIT,BUY,1,495,2019-03-29T07:07:52.521,2019-03-29T07:07:52.524,,07:07:52.521,07:07:52.521,0,500,#N/A,#N/A,00:23:31,1411.434,1
pert-josh,M5@bmm,4568,433,8648,6,814,NULL,2818208,2818208,2818208,NULL,LIMIT,BUY,1,495,2019-03-29T07:07:52.769,2019-03-29T07:07:52.773,,07:07:52.769,07:07:52.769,0,500,#N/A,#N/A,00:23:32,1411.682,1
pert-josh,M5@bmm,4568,433,8648,6,814,NULL,2818209,2818209,2818209,NULL,LIMIT,BUY,1,495,2019-03-29T07:07:53.291,2019-03-29T07:07:53.294,,07:07:53.291,07:07:53.291,0,500,#N/A,#N/A,00:23:32,1412.204,1
pert-josh,M7@bmm,4570,433,8648,6,814,NULL,2818210,2818210,2818210,NULL,LIMIT,SELL,1,510,2019-03-29T07:07:59.689,2019-03-29T07:07:59.692,,07:07:59.689,07:07:59.689,0,500,#N/A,#N/A,00:23:39,1418.602,-1
pert-josh,M5@bmm,4568,433,8648,6,814,NULL,2818212,2818212,2818212,2818227,LIMIT,SELL,1,505,2019-03-29T07:08:05.044,2019-03-29T07:09:20.682,,07:08:05.044,07:08:05.044,0,500,#N/A,#N/A,00:23:44,1423.957,-1
pert-josh,M5@bmm,4568,433,8648,6,814,NULL,2818213,2818213,2818213,NULL,LIMIT,SELL,1,510,2019-03-29T07:08:07.376,2019-03-29T07:08:07.380,,07:08:07.376,07:08:07.376,0,500,#N/A,#N/A,00:23:46,1426.289,-1
pert-josh,M7@bmm,4570,433,8648,6,814,NULL,2818215,2818214,2818214,2818201,LIMIT,BUY,1,505,2019-03-29T07:08:08.517,2019-03-29T07:08:08.521,,07:08:08.517,07:08:08.517,1,500,505,5,00:23:47,1427.43,1
pert-josh,M7@bmm,4570,433,8648,6,814,NULL,2818216,2818216,2818216,2818217,LIMIT,BUY,1,505,2019-03-29T07:08:22.785,2019-03-29T07:08:22.798,,07:08:22.785,07:08:22.785,0,500,#N/A,#N/A,00:24:02,1441.698,1
pert-josh,M6@bmm,4569,433,8648,6,814,NULL,2818217,2818205,2818205,2818216,LIMIT,SELL,1,505,2019-03-29T07:08:22.791,2019-03-29T07:08:22.798,,07:08:22.791,07:08:22.791,1,500,505,5,00:24:02,1441.704,-1
pert-josh,M6@bmm,4569,433,8648,6,814,NULL,2818218,2818205,2818205,2818219,LIMIT,SELL,1,505,2019-03-29T07:07:48.511,2019-03-29T07:08:29.156,,07:07:48.511,07:07:48.511,0,500,#N/A,#N/A,00:23:27,1407.424,-1
pert-josh,M7@bmm,4570,433,8648,6,814,NULL,2818219,2818219,2818219,2818218,LIMIT,BUY,1,505,2019-03-29T07:08:29.149,2019-03-29T07:08:29.156,,07:08:29.149,07:08:29.149,1,500,505,5,00:24:08,1448.062,1
pert-josh,M1@bmm,4564,433,8648,6,814,NULL,2818220,2818220,2818220,2818186,LIMIT,SELL,1,500,2019-03-29T07:08:34.772,2019-03-29T07:08:34.779,,07:08:34.772,07:08:34.772,1,500,500,0,00:24:14,1453.685,-1
pert-josh,M5@bmm,4568,433,8648,6,814,NULL,2818222,2818222,2818222,NULL,LIMIT,SELL,1,510,2019-03-29T07:08:55.642,2019-03-29T07:08:55.645,,07:08:55.642,07:08:55.642,0,500,#N/A,#N/A,00:24:35,1474.555,-1
pert-josh,M8@bmm,4571,433,8648,6,814,NULL,2818223,2818223,2818223,NULL,LIMIT,SELL,1,620,2019-03-29T07:08:55.649,2019-03-29T07:08:55.653,,07:08:55.649,07:08:55.649,0,500,#N/A,#N/A,00:24:35,1474.562,-1
pert-josh,M5@bmm,4568,433,8648,6,814,NULL,2818224,2818224,2818224,NULL,LIMIT,SELL,1,505,2019-03-29T07:08:58.546,2019-03-29T07:08:58.549,,07:08:58.546,07:08:58.546,0,500,#N/A,#N/A,00:24:37,1477.459,-1
pert-josh,M5@bmm,4568,433,8648,6,814,NULL,2818225,2818225,2818225,NULL,LIMIT,BUY,1,495,2019-03-29T07:09:05.516,2019-03-29T07:09:05.519,,07:09:05.516,07:09:05.516,0,500,#N/A,#N/A,00:24:44,1484.429,1
pert-josh,M7@bmm,4570,433,8648,6,814,NULL,2818227,2818227,2818227,2818212,LIMIT,BUY,1,505,2019-03-29T07:09:20.673,2019-03-29T07:09:20.682,,07:09:20.673,07:09:20.673,1,500,505,5,00:25:00,1499.586,1
pert-josh,M5@bmm,4568,433,8649,7,814,NULL,2818232,2818232,2818232,NULL,LIMIT,BUY,1,405,2019-03-29T07:10:11.499,2019-03-29T07:10:11.502,,07:10:11.499,07:10:11.499,0,450,#N/A,#N/A,00:25:50,1550.412,1
pert-josh,M8@bmm,4571,433,8649,7,814,NULL,2818233,2818233,2818233,2818284,LIMIT,BUY,1,445,2019-03-29T07:10:11.751,2019-03-29T07:11:13.834,,07:10:11.751,07:10:11.751,0,450,#N/A,#N/A,00:25:51,1550.664,1
pert-josh,M5@bmm,4568,433,8649,7,814,NULL,2818234,2818234,2818234,NULL,LIMIT,BUY,1,435,2019-03-29T07:10:14.327,2019-03-29T07:10:14.330,,07:10:14.327,07:10:14.327,0,450,#N/A,#N/A,00:25:53,1553.24,1
pert-josh,M5@bmm,4568,433,8649,7,814,NULL,2818235,2818235,2818235,NULL,LIMIT,BUY,1,440,2019-03-29T07:10:15.837,2019-03-29T07:10:15.842,,07:10:15.837,07:10:15.837,0,450,#N/A,#N/A,00:25:55,1554.75,1
pert-josh,M5@bmm,4568,433,8649,7,814,NULL,2818237,2818237,2818237,2818294,LIMIT,BUY,1,445,2019-03-29T07:10:17.046,2019-03-29T07:11:43.856,,07:10:17.046,07:10:17.046,0,450,#N/A,#N/A,00:25:56,1555.959,1
pert-josh,M5@bmm,4568,433,8649,7,814,NULL,2818238,2818238,2818238,2818302,LIMIT,BUY,1,445,2019-03-29T07:10:17.718,2019-03-29T07:12:55.201,,07:10:17.718,07:10:17.718,0,450,#N/A,#N/A,00:25:57,1556.631,1
pert-josh,M5@bmm,4568,433,8649,7,814,NULL,2818239,2818239,2818239,NULL,LIMIT,BUY,1,445,2019-03-29T07:10:17.955,2019-03-29T07:10:17.959,,07:10:17.955,07:10:17.955,0,450,#N/A,#N/A,00:25:57,1556.868,1
pert-josh,M5@bmm,4568,433,8649,7,814,NULL,2818240,2818240,2818240,NULL,LIMIT,BUY,1,445,2019-03-29T07:10:18.192,2019-03-29T07:10:18.195,,07:10:18.192,07:10:18.192,0,450,#N/A,#N/A,00:25:57,1557.105,1
pert-josh,M5@bmm,4568,433,8649,7,814,NULL,2818241,2818241,2818241,NULL,LIMIT,BUY,1,445,2019-03-29T07:10:18.325,2019-03-29T07:10:18.329,,07:10:18.325,07:10:18.325,0,450,#N/A,#N/A,00:25:57,1557.238,1
pert-josh,M5@bmm,4568,433,8649,7,814,NULL,2818242,2818242,2818242,NULL,LIMIT,BUY,1,445,2019-03-29T07:10:18.517,2019-03-29T07:10:18.520,,07:10:18.517,07:10:18.517,0,450,#N/A,#N/A,00:25:57,1557.43,1
pert-josh,M5@bmm,4568,433,8649,7,814,NULL,2818243,2818243,2818243,NULL,LIMIT,BUY,1,445,2019-03-29T07:10:18.679,2019-03-29T07:10:18.682,,07:10:18.679,07:10:18.679,0,450,#N/A,#N/A,00:25:58,1557.592,1
pert-josh,M5@bmm,4568,433,8649,7,814,NULL,2818244,2818244,2818244,NULL,LIMIT,BUY,1,445,2019-03-29T07:10:19.151,2019-03-29T07:10:19.154,,07:10:19.151,07:10:19.151,0,450,#N/A,#N/A,00:25:58,1558.064,1
pert-josh,M8@bmm,4571,433,8649,7,814,NULL,2818247,2818247,2818247,NULL,LIMIT,SELL,1,605,2019-03-29T07:10:22.203,2019-03-29T07:10:22.206,,07:10:22.203,07:10:22.203,0,450,#N/A,#N/A,00:26:01,1561.116,-1
pert-josh,M5@bmm,4568,433,8649,7,814,NULL,2818248,2818248,2818248,NULL,LIMIT,SELL,1,460,2019-03-29T07:10:27.495,2019-03-29T07:10:27.498,,07:10:27.495,07:10:27.495,0,450,#N/A,#N/A,00:26:06,1566.408,-1
pert-josh,M5@bmm,4568,433,8649,7,814,NULL,2818249,2818249,2818249,NULL,LIMIT,SELL,1,460,2019-03-29T07:10:28.831,2019-03-29T07:10:28.834,,07:10:28.831,07:10:28.831,0,450,#N/A,#N/A,00:26:08,1567.744,-1
pert-josh,M5@bmm,4568,433,8649,7,814,NULL,2818250,2818250,2818250,NULL,LIMIT,SELL,1,460,2019-03-29T07:10:29.127,2019-03-29T07:10:29.130,,07:10:29.127,07:10:29.127,0,450,#N/A,#N/A,00:26:08,1568.04,-1
pert-josh,M5@bmm,4568,433,8649,7,814,NULL,2818251,2818251,2818251,NULL,LIMIT,SELL,1,460,2019-03-29T07:10:29.357,2019-03-29T07:10:29.360,,07:10:29.357,07:10:29.357,0,450,#N/A,#N/A,00:26:08,1568.27,-1
pert-josh,M5@bmm,4568,433,8649,7,814,NULL,2818252,2818252,2818252,2818256,LIMIT,SELL,1,455,2019-03-29T07:10:30.894,2019-03-29T07:10:38.419,,07:10:30.894,07:10:30.894,0,450,#N/A,#N/A,00:26:10,1569.807,-1
pert-josh,M5@bmm,4568,433,8649,7,814,NULL,2818253,2818253,2818253,2818257,LIMIT,SELL,1,455,2019-03-29T07:10:31.110,2019-03-29T07:10:38.419,,07:10:31.110,07:10:31.110,0,450,#N/A,#N/A,00:26:10,1570.023,-1
pert-josh,M1@bmm,4564,433,8649,7,814,NULL,2818256,2818255,2818255,2818252,LIMIT,BUY,1,455,2019-03-29T07:10:38.411,2019-03-29T07:10:38.419,,07:10:38.411,07:10:38.411,1,450,455,5,00:26:17,1577.324,1
pert-josh,M1@bmm,4564,433,8649,7,814,NULL,2818257,2818255,2818255,2818253,LIMIT,BUY,1,455,2019-03-29T07:10:38.415,2019-03-29T07:10:38.419,,07:10:38.415,07:10:38.415,1,450,455,5,00:26:17,1577.328,1
pert-josh,M5@bmm,4568,433,8649,7,814,NULL,2818258,2818258,2818258,2818259,LIMIT,SELL,1,455,2019-03-29T07:10:38.783,2019-03-29T07:10:41.348,,07:10:38.783,07:10:38.783,0,450,#N/A,#N/A,00:26:18,1577.696,-1
pert-josh,M7@bmm,4570,433,8649,7,814,NULL,2818259,2818259,2818259,2818258,LIMIT,BUY,1,455,2019-03-29T07:10:41.342,2019-03-29T07:10:41.348,,07:10:41.342,07:10:41.342,1,450,455,5,00:26:20,1580.255,1
pert-josh,M5@bmm,4568,433,8649,7,814,NULL,2818260,2818260,2818260,2818269,LIMIT,SELL,1,455,2019-03-29T07:10:42.999,2019-03-29T07:10:50.529,,07:10:42.999,07:10:42.999,0,450,#N/A,#N/A,00:26:22,1581.912,-1
pert-josh,M5@bmm,4568,433,8649,7,814,NULL,2818261,2818261,2818261,2818270,LIMIT,SELL,1,455,2019-03-29T07:10:44.866,2019-03-29T07:10:50.530,,07:10:44.866,07:10:44.866,0,450,#N/A,#N/A,00:26:24,1583.779,-1
pert-josh,M6@bmm,4569,433,8649,7,814,NULL,2818262,2818262,2818262,2818265,LIMIT,SELL,1,450,2019-03-29T07:10:45.952,2019-03-29T07:10:48.921,,07:10:45.952,07:10:45.952,0,450,#N/A,#N/A,00:26:25,1584.865,-1
pert-josh,M5@bmm,4568,433,8649,7,814,NULL,2818263,2818263,2818263,NULL,LIMIT,SELL,1,455,2019-03-29T07:10:48.280,2019-03-29T07:10:48.283,,07:10:48.280,07:10:48.280,0,450,#N/A,#N/A,00:26:27,1587.193,-1
pert-josh,M7@bmm,4570,433,8649,7,814,NULL,2818265,2818264,2818264,2818262,LIMIT,BUY,1,450,2019-03-29T07:10:48.917,2019-03-29T07:10:48.921,,07:10:48.917,07:10:48.917,1,450,450,0,00:26:28,1587.83,1
pert-josh,M5@bmm,4568,433,8649,7,814,NULL,2818266,2818266,2818266,NULL,LIMIT,SELL,1,455,2019-03-29T07:10:49.038,2019-03-29T07:10:49.042,,07:10:49.038,07:10:49.038,0,450,#N/A,#N/A,00:26:28,1587.951,-1
pert-josh,M5@bmm,4568,433,8649,7,814,NULL,2818267,2818267,2818267,NULL,LIMIT,SELL,1,455,2019-03-29T07:10:49.431,2019-03-29T07:10:49.434,,07:10:49.431,07:10:49.431,0,450,#N/A,#N/A,00:26:28,1588.344,-1
pert-josh,M1@bmm,4564,433,8649,7,814,NULL,2818269,2818268,2818268,2818260,LIMIT,BUY,1,455,2019-03-29T07:10:50.521,2019-03-29T07:10:50.530,,07:10:50.521,07:10:50.521,1,450,455,5,00:26:29,1589.434,1
pert-josh,M1@bmm,4564,433,8649,7,814,NULL,2818270,2818268,2818268,2818261,LIMIT,BUY,1,455,2019-03-29T07:10:50.525,2019-03-29T07:10:50.530,,07:10:50.525,07:10:50.525,1,450,455,5,00:26:29,1589.438,1
pert-josh,M5@bmm,4568,433,8649,7,814,NULL,2818271,2818271,2818271,NULL,LIMIT,SELL,1,455,2019-03-29T07:10:51.014,2019-03-29T07:10:51.019,,07:10:51.014,07:10:51.014,0,450,#N/A,#N/A,00:26:30,1589.927,-1
pert-josh,M6@bmm,4569,433,8649,7,814,NULL,2818272,2818272,2818272,2818280,LIMIT,SELL,1,450,2019-03-29T07:10:51.380,2019-03-29T07:11:06.068,,07:10:51.380,07:10:51.380,0,450,#N/A,#N/A,00:26:30,1590.293,-1
pert-josh,M5@bmm,4568,433,8649,7,814,NULL,2818273,2818273,2818273,NULL,LIMIT,SELL,1,455,2019-03-29T07:10:51.961,2019-03-29T07:10:51.964,,07:10:51.961,07:10:51.961,0,450,#N/A,#N/A,00:26:31,1590.874,-1
pert-josh,M5@bmm,4568,433,8649,7,814,NULL,2818276,2818276,2818276,NULL,LIMIT,SELL,1,455,2019-03-29T07:10:58.111,2019-03-29T07:10:58.114,,07:10:58.111,07:10:58.111,0,450,#N/A,#N/A,00:26:37,1597.024,-1
pert-josh,M8@bmm,4571,433,8649,7,814,NULL,2818277,2818277,2818277,NULL,LIMIT,SELL,1,510,2019-03-29T07:11:02.708,2019-03-29T07:11:02.714,,07:11:02.708,07:11:02.708,0,450,#N/A,#N/A,00:26:42,1601.621,-1
pert-josh,M7@bmm,4570,433,8649,7,814,NULL,2818278,2818278,2818278,NULL,LIMIT,SELL,1,455,2019-03-29T07:11:02.780,2019-03-29T07:11:02.788,,07:11:02.780,07:11:02.780,0,450,#N/A,#N/A,00:26:42,1601.693,-1
pert-josh,M3@bmm,4566,433,8649,7,814,NULL,2818279,2818279,2818279,NULL,LIMIT,SELL,1,480,2019-03-29T07:11:05.691,2019-03-29T07:11:05.694,,07:11:05.691,07:11:05.691,0,450,#N/A,#N/A,00:26:45,1604.604,-1
pert-josh,M2@bmm,4565,433,8649,7,814,NULL,2818280,2818280,2818280,2818272,LIMIT,BUY,1,450,2019-03-29T07:11:06.061,2019-03-29T07:11:06.068,,07:11:06.061,07:11:06.061,1,450,450,0,00:26:45,1604.974,1
pert-josh,M5@bmm,4568,433,8649,7,814,NULL,2818283,2818283,2818283,NULL,LIMIT,BUY,1,440,2019-03-29T07:11:13.656,2019-03-29T07:11:13.659,,07:11:13.656,07:11:13.656,0,450,#N/A,#N/A,00:26:53,1612.569,1
pert-josh,M7@bmm,4570,433,8649,7,814,NULL,2818284,2818284,2818284,2818233,LIMIT,SELL,1,445,2019-03-29T07:11:13.827,2019-03-29T07:11:13.833,,07:11:13.827,07:11:13.827,1,450,445,-5,00:26:53,1612.74,-1
pert-josh,M5@bmm,4568,433,8649,7,814,NULL,2818285,2818285,2818285,NULL,LIMIT,BUY,1,435,2019-03-29T07:11:15.919,2019-03-29T07:11:15.922,,07:11:15.919,07:11:15.919,0,450,#N/A,#N/A,00:26:55,1614.832,1
pert-josh,M5@bmm,4568,433,8649,7,814,NULL,2818286,2818286,2818286,NULL,LIMIT,BUY,1,435,2019-03-29T07:11:18.280,2019-03-29T07:11:18.284,,07:11:18.280,07:11:18.280,0,450,#N/A,#N/A,00:26:57,1617.193,1
pert-josh,M5@bmm,4568,433,8649,7,814,NULL,2818287,2818287,2818287,NULL,LIMIT,BUY,1,435,2019-03-29T07:11:18.468,2019-03-29T07:11:18.472,,07:11:18.468,07:11:18.468,0,450,#N/A,#N/A,00:26:57,1617.381,1
pert-josh,M5@bmm,4568,433,8649,7,814,NULL,2818288,2818288,2818288,NULL,LIMIT,BUY,1,435,2019-03-29T07:11:18.957,2019-03-29T07:11:18.962,,07:11:18.957,07:11:18.957,0,450,#N/A,#N/A,00:26:58,1617.87,1
pert-josh,M5@bmm,4568,433,8649,7,814,NULL,2818289,2818289,2818289,NULL,LIMIT,BUY,1,430,2019-03-29T07:11:21.214,2019-03-29T07:11:21.217,,07:11:21.214,07:11:21.214,0,450,#N/A,#N/A,00:27:00,1620.127,1
pert-josh,M5@bmm,4568,433,8649,7,814,NULL,2818290,2818290,2818290,NULL,LIMIT,BUY,1,445,2019-03-29T07:11:23.871,2019-03-29T07:11:23.874,,07:11:23.871,07:11:23.871,0,450,#N/A,#N/A,00:27:03,1622.784,1
pert-josh,M5@bmm,4568,433,8649,7,814,NULL,2818291,2818291,2818291,NULL,LIMIT,BUY,1,445,2019-03-29T07:11:24.237,2019-03-29T07:11:24.240,,07:11:24.237,07:11:24.237,0,450,#N/A,#N/A,00:27:03,1623.15,1
pert-josh,M7@bmm,4570,433,8649,7,814,NULL,2818294,2818294,2818294,2818237,LIMIT,SELL,1,445,2019-03-29T07:11:43.849,2019-03-29T07:11:43.856,,07:11:43.849,07:11:43.849,1,450,445,-5,00:27:23,1642.762,-1
pert-josh,M2@bmm,4565,433,8649,7,814,NULL,2818295,2818295,2818295,2818296,LIMIT,SELL,1,450,2019-03-29T07:11:49.926,2019-03-29T07:12:10.145,,07:11:49.926,07:11:49.926,0,450,#N/A,#N/A,00:27:29,1648.839,-1
pert-josh,M7@bmm,4570,433,8649,7,814,NULL,2818296,2818296,2818296,2818295,LIMIT,BUY,1,450,2019-03-29T07:12:10.135,2019-03-29T07:12:10.145,,07:12:10.135,07:12:10.135,1,450,450,0,00:27:49,1669.048,1
pert-josh,M5@bmm,4568,433,8649,7,814,NULL,2818298,2818298,2818298,NULL,LIMIT,SELL,1,455,2019-03-29T07:12:18.558,2019-03-29T07:12:18.561,,07:12:18.558,07:12:18.558,0,450,#N/A,#N/A,00:27:57,1677.471,-1
pert-josh,M5@bmm,4568,433,8649,7,814,NULL,2818300,2818300,2818300,NULL,LIMIT,BUY,1,445,2019-03-29T07:12:22.064,2019-03-29T07:12:22.067,,07:12:22.064,07:12:22.064,0,450,#N/A,#N/A,00:28:01,1680.977,1
pert-josh,M7@bmm,4570,433,8649,7,814,NULL,2818301,2818301,2818301,NULL,LIMIT,SELL,1,450,2019-03-29T07:12:31.786,2019-03-29T07:12:31.789,,07:12:31.786,07:12:31.786,0,450,#N/A,#N/A,00:28:11,1690.699,-1
pert-josh,M1@bmm,4564,433,8649,7,814,NULL,2818302,2818302,2818302,2818238,LIMIT,SELL,1,445,2019-03-29T07:12:55.192,2019-03-29T07:12:55.201,,07:12:55.192,07:12:55.192,1,450,445,-5,00:28:34,1714.105,-1
pert-josh,M5@bmm,4568,433,8651,8,814,NULL,2818306,2818306,2818306,NULL,LIMIT,SELL,1,405,2019-03-29T07:13:27.791,2019-03-29T07:13:27.794,,07:13:27.791,07:13:27.791,0,400,#N/A,#N/A,00:29:07,1746.704,-1
pert-josh,M5@bmm,4568,433,8651,8,814,NULL,2818307,2818307,2818307,NULL,LIMIT,SELL,1,410,2019-03-29T07:13:28.499,2019-03-29T07:13:28.502,,07:13:28.499,07:13:28.499,0,400,#N/A,#N/A,00:29:07,1747.412,-1
pert-josh,M5@bmm,4568,433,8651,8,814,NULL,2818309,2818309,2818309,NULL,LIMIT,SELL,1,405,2019-03-29T07:13:29.955,2019-03-29T07:13:29.958,,07:13:29.955,07:13:29.955,0,400,#N/A,#N/A,00:29:09,1748.868,-1
pert-josh,M5@bmm,4568,433,8651,8,814,NULL,2818310,2818310,2818310,NULL,LIMIT,SELL,1,405,2019-03-29T07:13:30.226,2019-03-29T07:13:30.229,,07:13:30.226,07:13:30.226,0,400,#N/A,#N/A,00:29:09,1749.139,-1
pert-josh,M5@bmm,4568,433,8651,8,814,NULL,2818311,2818311,2818311,NULL,LIMIT,SELL,1,405,2019-03-29T07:13:30.467,2019-03-29T07:13:30.470,,07:13:30.467,07:13:30.467,0,400,#N/A,#N/A,00:29:09,1749.38,-1
pert-josh,M5@bmm,4568,433,8651,8,814,NULL,2818313,2818313,2818313,NULL,LIMIT,SELL,1,405,2019-03-29T07:13:30.707,2019-03-29T07:13:30.711,,07:13:30.707,07:13:30.707,0,400,#N/A,#N/A,00:29:10,1749.62,-1
pert-josh,M5@bmm,4568,433,8651,8,814,NULL,2818314,2818314,2818314,NULL,LIMIT,SELL,1,405,2019-03-29T07:13:30.865,2019-03-29T07:13:30.868,,07:13:30.865,07:13:30.865,0,400,#N/A,#N/A,00:29:10,1749.778,-1
pert-josh,M5@bmm,4568,433,8651,8,814,NULL,2818315,2818315,2818315,NULL,LIMIT,SELL,1,405,2019-03-29T07:13:31.019,2019-03-29T07:13:31.022,,07:13:31.019,07:13:31.019,0,400,#N/A,#N/A,00:29:10,1749.932,-1
pert-josh,M5@bmm,4568,433,8651,8,814,NULL,2818316,2818316,2818316,NULL,LIMIT,SELL,1,405,2019-03-29T07:13:31.268,2019-03-29T07:13:31.271,,07:13:31.268,07:13:31.268,0,400,#N/A,#N/A,00:29:10,1750.181,-1
pert-josh,M3@bmm,4566,433,8651,8,814,NULL,2818318,2818318,2818318,NULL,LIMIT,SELL,2,405,2019-03-29T07:13:34.752,2019-03-29T07:13:34.755,,07:13:34.752,07:13:34.752,0,400,#N/A,#N/A,00:29:14,1753.665,-1
pert-josh,M1@bmm,4564,433,8651,8,814,NULL,2818319,2818319,2818319,2818339,LIMIT,SELL,1,400,2019-03-29T07:13:36.200,2019-03-29T07:14:01.117,,07:13:36.200,07:13:36.200,0,400,#N/A,#N/A,00:29:15,1755.113,-1
pert-josh,M5@bmm,4568,433,8651,8,814,NULL,2818320,2818320,2818320,2818329,LIMIT,BUY,1,395,2019-03-29T07:13:37.235,2019-03-29T07:13:39.871,,07:13:37.235,07:13:37.235,0,400,#N/A,#N/A,00:29:16,1756.148,1
pert-josh,M5@bmm,4568,433,8651,8,814,NULL,2818321,2818321,2818321,2818332,LIMIT,BUY,1,395,2019-03-29T07:13:37.660,2019-03-29T07:13:43.645,,07:13:37.660,07:13:37.660,0,400,#N/A,#N/A,00:29:17,1756.573,1
pert-josh,M5@bmm,4568,433,8651,8,814,NULL,2818322,2818322,2818322,2818334,LIMIT,BUY,1,395,2019-03-29T07:13:37.843,2019-03-29T07:13:45.919,,07:13:37.843,07:13:37.843,0,400,#N/A,#N/A,00:29:17,1756.756,1
pert-josh,M5@bmm,4568,433,8651,8,814,NULL,2818323,2818323,2818323,2818335,LIMIT,BUY,1,395,2019-03-29T07:13:38.012,2019-03-29T07:13:45.919,,07:13:38.012,07:13:38.012,0,400,#N/A,#N/A,00:29:17,1756.925,1
pert-josh,M5@bmm,4568,433,8651,8,814,NULL,2818324,2818324,2818324,2818337,LIMIT,BUY,1,395,2019-03-29T07:13:38.155,2019-03-29T07:13:47.248,,07:13:38.155,07:13:38.155,0,400,#N/A,#N/A,00:29:17,1757.068,1
pert-josh,M5@bmm,4568,433,8651,8,814,NULL,2818325,2818325,2818325,2818341,LIMIT,BUY,1,395,2019-03-29T07:13:38.336,2019-03-29T07:14:11.688,,07:13:38.336,07:13:38.336,0,400,#N/A,#N/A,00:29:17,1757.249,1
pert-josh,M5@bmm,4568,433,8651,8,814,NULL,2818326,2818326,2818326,2818343,LIMIT,BUY,1,395,2019-03-29T07:13:38.584,2019-03-29T07:14:15.986,,07:13:38.584,07:13:38.584,0,400,#N/A,#N/A,00:29:17,1757.497,1
pert-josh,M5@bmm,4568,433,8651,8,814,NULL,2818327,2818327,2818327,2818345,LIMIT,BUY,1,395,2019-03-29T07:13:38.869,2019-03-29T07:14:21.543,,07:13:38.869,07:13:38.869,0,400,#N/A,#N/A,00:29:18,1757.782,1
pert-josh,M7@bmm,4570,433,8651,8,814,NULL,2818329,2818328,2818328,2818320,LIMIT,SELL,1,395,2019-03-29T07:13:39.867,2019-03-29T07:13:39.871,,07:13:39.867,07:13:39.867,1,400,395,-5,00:29:19,1758.78,-1
pert-josh,M7@bmm,4570,433,8651,8,814,NULL,2818332,2818331,2818331,2818321,LIMIT,SELL,1,395,2019-03-29T07:13:43.641,2019-03-29T07:13:43.645,,07:13:43.641,07:13:43.641,1,400,395,-5,00:29:23,1762.554,-1
pert-josh,M1@bmm,4564,433,8651,8,814,NULL,2818334,2818333,2818333,2818322,LIMIT,SELL,1,395,2019-03-29T07:13:45.911,2019-03-29T07:13:45.919,,07:13:45.911,07:13:45.911,1,400,395,-5,00:29:25,1764.824,-1
pert-josh,M1@bmm,4564,433,8651,8,814,NULL,2818335,2818333,2818333,2818323,LIMIT,SELL,1,395,2019-03-29T07:13:45.915,2019-03-29T07:13:45.919,,07:13:45.915,07:13:45.915,1,400,395,-5,00:29:25,1764.828,-1
pert-josh,M7@bmm,4570,433,8651,8,814,NULL,2818337,2818336,2818336,2818324,LIMIT,SELL,1,395,2019-03-29T07:13:47.244,2019-03-29T07:13:47.249,,07:13:47.244,07:13:47.244,1,400,395,-5,00:29:26,1766.157,-1
pert-josh,M3@bmm,4566,433,8651,8,814,NULL,2818338,2818338,2818338,2818348,LIMIT,BUY,1,395,2019-03-29T07:13:57.159,2019-03-29T07:14:34.716,,07:13:57.159,07:13:57.159,0,400,#N/A,#N/A,00:29:36,1776.072,1
pert-josh,M7@bmm,4570,433,8651,8,814,NULL,2818339,2818339,2818339,2818319,LIMIT,BUY,1,400,2019-03-29T07:14:01.108,2019-03-29T07:14:01.117,,07:14:01.108,07:14:01.108,1,400,400,0,00:29:40,1780.021,1
pert-josh,M7@bmm,4570,433,8651,8,814,NULL,2818341,2818340,2818340,2818325,LIMIT,SELL,1,395,2019-03-29T07:14:11.683,2019-03-29T07:14:11.688,,07:14:11.683,07:14:11.683,1,400,395,-5,00:29:51,1790.596,-1
pert-josh,M7@bmm,4570,433,8651,8,814,NULL,2818343,2818342,2818342,2818326,LIMIT,SELL,1,395,2019-03-29T07:14:15.982,2019-03-29T07:14:15.986,,07:14:15.982,07:14:15.982,1,400,395,-5,00:29:55,1794.895,-1
pert-josh,M7@bmm,4570,433,8651,8,814,NULL,2818345,2818344,2818344,2818327,LIMIT,SELL,1,395,2019-03-29T07:14:21.538,2019-03-29T07:14:21.543,,07:14:21.538,07:14:21.538,1,400,395,-5,00:30:00,1800.451,-1
pert-josh,M8@bmm,4571,433,8651,8,814,NULL,2818346,2818346,2818346,NULL,LIMIT,SELL,2,405,2019-03-29T07:14:31.271,2019-03-29T07:14:31.274,,07:14:31.271,07:14:31.271,0,400,#N/A,#N/A,00:30:10,1810.184,-1
pert-josh,M7@bmm,4570,433,8651,8,814,NULL,2818348,2818347,2818347,2818338,LIMIT,SELL,1,395,2019-03-29T07:14:34.712,2019-03-29T07:14:34.716,,07:14:34.712,07:14:34.712,1,400,395,-5,00:30:14,1813.625,-1
pert-josh,M2@bmm,4565,433,8651,8,814,NULL,2818351,2818351,2818351,2818352,LIMIT,BUY,1,395,2019-03-29T07:14:40.255,2019-03-29T07:14:40.269,,07:14:40.255,07:14:40.255,0,400,#N/A,#N/A,00:30:19,1819.168,1
pert-josh,M1@bmm,4564,433,8651,8,814,NULL,2818352,2818349,2818349,2818351,LIMIT,SELL,1,395,2019-03-29T07:14:40.262,2019-03-29T07:14:40.270,,07:14:40.262,07:14:40.262,1,400,395,-5,00:30:19,1819.175,-1
pert-josh,M5@bmm,4568,433,8651,8,814,NULL,2818357,2818357,2818357,2818360,LIMIT,BUY,1,395,2019-03-29T07:14:47.117,2019-03-29T07:14:50.076,,07:14:47.117,07:14:47.117,0,400,#N/A,#N/A,00:30:26,1826.03,1
pert-josh,M2@bmm,4565,433,8651,8,814,NULL,2818358,2818358,2818358,NULL,LIMIT,SELL,1,400,2019-03-29T07:14:49.831,2019-03-29T07:14:49.834,,07:14:49.831,07:14:49.831,0,400,#N/A,#N/A,00:30:29,1828.744,-1
pert-josh,M1@bmm,4564,433,8651,8,814,NULL,2818360,2818359,2818359,2818357,LIMIT,SELL,1,395,2019-03-29T07:14:50.069,2019-03-29T07:14:50.077,,07:14:50.069,07:14:50.069,1,400,395,-5,00:30:29,1828.982,-1
pert-josh,M1@bmm,4564,433,8651,8,814,NULL,2818361,2818359,2818359,2818363,LIMIT,SELL,1,395,2019-03-29T07:14:50.063,2019-03-29T07:14:50.578,,07:14:50.063,07:14:50.063,0,400,#N/A,#N/A,00:30:29,1828.976,-1
pert-josh,M7@bmm,4570,433,8651,8,814,NULL,2818363,2818362,2818362,2818361,LIMIT,BUY,1,395,2019-03-29T07:14:50.573,2019-03-29T07:14:50.578,,07:14:50.573,07:14:50.573,1,400,395,-5,00:30:29,1829.486,1
pert-josh,M7@bmm,4570,433,8651,8,814,NULL,2818365,2818365,2818365,2818366,LIMIT,BUY,1,400,2019-03-29T07:14:56.402,2019-03-29T07:14:56.415,,07:14:56.402,07:14:56.402,0,400,#N/A,#N/A,00:30:35,1835.315,1
pert-josh,M3@bmm,4566,433,8651,8,814,NULL,2818366,2818330,2818330,2818365,LIMIT,SELL,1,400,2019-03-29T07:14:56.408,2019-03-29T07:14:56.415,,07:14:56.408,07:14:56.408,1,400,400,0,00:30:35,1835.321,-1
pert-josh,M3@bmm,4566,433,8651,8,814,NULL,2818367,2818330,2818330,2818368,LIMIT,SELL,1,400,2019-03-29T07:13:41.775,2019-03-29T07:14:56.658,,07:13:41.775,07:13:41.775,0,400,#N/A,#N/A,00:29:21,1760.688,-1
pert-josh,M7@bmm,4570,433,8651,8,814,NULL,2818368,2818368,2818368,2818367,LIMIT,BUY,1,400,2019-03-29T07:14:56.651,2019-03-29T07:14:56.658,,07:14:56.651,07:14:56.651,1,400,400,0,00:30:36,1835.564,1
pert-josh,M4@bmm,4567,433,8653,9,814,NULL,2818373,2818373,2818373,2818375,LIMIT,SELL,1,460,2019-03-29T07:15:42.362,2019-03-29T07:15:43.639,,07:15:42.362,07:15:42.362,0,350,#N/A,#N/A,00:31:21,1881.275,-1
pert-josh,M7@bmm,4570,433,8653,9,814,NULL,2818375,2818374,2818374,2818373,LIMIT,BUY,1,460,2019-03-29T07:15:43.634,2019-03-29T07:15:43.639,,07:15:43.634,07:15:43.634,1,350,460,110,00:31:23,1882.547,1
pert-josh,M5@bmm,4568,433,8653,9,814,NULL,2818376,2818376,2818376,2818381,LIMIT,SELL,1,355,2019-03-29T07:15:47.963,2019-03-29T07:15:48.810,,07:15:47.963,07:15:47.963,0,350,#N/A,#N/A,00:31:27,1886.876,-1
pert-josh,M5@bmm,4568,433,8653,9,814,NULL,2818378,2818378,2818378,2818384,LIMIT,SELL,1,355,2019-03-29T07:15:48.123,2019-03-29T07:15:54.190,,07:15:48.123,07:15:48.123,0,350,#N/A,#N/A,00:31:27,1887.036,-1
pert-josh,M5@bmm,4568,433,8653,9,814,NULL,2818379,2818379,2818379,2818386,LIMIT,SELL,1,355,2019-03-29T07:15:48.189,2019-03-29T07:15:54.437,,07:15:48.189,07:15:48.189,0,350,#N/A,#N/A,00:31:27,1887.102,-1
pert-josh,M7@bmm,4570,433,8653,9,814,NULL,2818381,2818380,2818380,2818376,LIMIT,BUY,1,355,2019-03-29T07:15:48.806,2019-03-29T07:15:48.810,,07:15:48.806,07:15:48.806,1,350,355,5,00:31:28,1887.719,1
pert-josh,M5@bmm,4568,433,8653,9,814,NULL,2818382,2818382,2818382,2818387,LIMIT,SELL,1,355,2019-03-29T07:15:49.876,2019-03-29T07:15:56.321,,07:15:49.876,07:15:49.876,0,350,#N/A,#N/A,00:31:29,1888.789,-1
pert-josh,M7@bmm,4570,433,8653,9,814,NULL,2818384,2818383,2818383,2818378,LIMIT,BUY,1,355,2019-03-29T07:15:54.186,2019-03-29T07:15:54.190,,07:15:54.186,07:15:54.186,1,350,355,5,00:31:33,1893.099,1
pert-josh,M7@bmm,4570,433,8653,9,814,NULL,2818386,2818385,2818385,2818379,LIMIT,BUY,1,355,2019-03-29T07:15:54.432,2019-03-29T07:15:54.437,,07:15:54.432,07:15:54.432,1,350,355,5,00:31:33,1893.345,1
pert-josh,M1@bmm,4564,433,8653,9,814,NULL,2818387,2818387,2818387,2818382,LIMIT,BUY,1,355,2019-03-29T07:15:56.310,2019-03-29T07:15:56.320,,07:15:56.310,07:15:56.310,1,350,355,5,00:31:35,1895.223,1
pert-josh,M7@bmm,4570,433,8653,9,814,NULL,2818388,2818388,2818388,2818390,LIMIT,BUY,1,490,2019-03-29T07:15:56.342,2019-03-29T07:15:59.003,,07:15:56.342,07:15:56.342,0,350,#N/A,#N/A,00:31:35,1895.255,1
pert-josh,M6@bmm,4569,433,8653,9,814,NULL,2818390,2818389,2818389,2818388,LIMIT,SELL,1,490,2019-03-29T07:15:58.999,2019-03-29T07:15:59.003,,07:15:58.999,07:15:58.999,1,350,490,140,00:31:38,1897.912,-1
pert-josh,M5@bmm,4568,433,8653,9,814,NULL,2818391,2818391,2818391,2818396,LIMIT,SELL,1,360,2019-03-29T07:15:59.165,2019-03-29T07:16:04.889,,07:15:59.165,07:15:59.165,0,350,#N/A,#N/A,00:31:38,1898.078,-1
pert-josh,M5@bmm,4568,433,8653,9,814,NULL,2818392,2818392,2818392,NULL,LIMIT,SELL,1,370,2019-03-29T07:16:02.141,2019-03-29T07:16:02.144,,07:16:02.141,07:16:02.141,0,350,#N/A,#N/A,00:31:41,1901.054,-1
pert-josh,M3@bmm,4566,433,8653,9,814,NULL,2818393,2818393,2818393,NULL,LIMIT,SELL,2,405,2019-03-29T07:16:02.332,2019-03-29T07:16:02.335,,07:16:02.332,07:16:02.332,0,350,#N/A,#N/A,00:31:41,1901.245,-1
pert-josh,M5@bmm,4568,433,8653,9,814,NULL,2818395,2818395,2818395,NULL,LIMIT,SELL,1,375,2019-03-29T07:16:04.157,2019-03-29T07:16:04.160,,07:16:04.157,07:16:04.157,0,350,#N/A,#N/A,00:31:43,1903.07,-1
pert-josh,M1@bmm,4564,433,8653,9,814,NULL,2818396,2818396,2818396,2818391,LIMIT,BUY,1,360,2019-03-29T07:16:04.882,2019-03-29T07:16:04.889,,07:16:04.882,07:16:04.882,1,350,360,10,00:31:44,1903.795,1
pert-josh,M5@bmm,4568,433,8653,9,814,NULL,2818397,2818397,2818397,NULL,LIMIT,SELL,1,380,2019-03-29T07:16:05.317,2019-03-29T07:16:05.320,,07:16:05.317,07:16:05.317,0,350,#N/A,#N/A,00:31:44,1904.23,-1
pert-josh,M2@bmm,4565,433,8653,9,814,NULL,2818401,2818401,2818401,2818408,LIMIT,BUY,1,350,2019-03-29T07:16:13.671,2019-03-29T07:16:20.012,,07:16:13.671,07:16:13.671,0,350,#N/A,#N/A,00:31:53,1912.584,1
pert-josh,M6@bmm,4569,433,8653,9,814,NULL,2818403,2818403,2818403,NULL,LIMIT,SELL,1,355,2019-03-29T07:16:15.182,2019-03-29T07:16:15.186,,07:16:15.182,07:16:15.182,0,350,#N/A,#N/A,00:31:54,1914.095,-1
pert-josh,M5@bmm,4568,433,8653,9,814,NULL,2818404,2818404,2818404,NULL,LIMIT,SELL,1,405,2019-03-29T07:16:15.604,2019-03-29T07:16:15.607,,07:16:15.604,07:16:15.604,0,350,#N/A,#N/A,00:31:55,1914.517,-1
pert-josh,M8@bmm,4571,433,8653,9,814,NULL,2818405,2818405,2818405,2818418,LIMIT,BUY,1,285,2019-03-29T07:16:16.159,2019-03-29T07:16:53.167,,07:16:16.159,07:16:16.159,0,350,#N/A,#N/A,00:31:55,1915.072,1
pert-josh,M7@bmm,4570,433,8653,9,814,NULL,2818406,2818406,2818406,NULL,LIMIT,SELL,1,365,2019-03-29T07:16:16.323,2019-03-29T07:16:16.326,,07:16:16.323,07:16:16.323,0,350,#N/A,#N/A,00:31:55,1915.236,-1
pert-josh,M7@bmm,4570,433,8653,9,814,NULL,2818408,2818407,2818407,2818401,LIMIT,SELL,1,350,2019-03-29T07:16:20.008,2019-03-29T07:16:20.013,,07:16:20.008,07:16:20.008,1,350,350,0,00:31:59,1918.921,-1
pert-josh,M3@bmm,4566,433,8653,9,814,NULL,2818410,2818410,2818410,NULL,LIMIT,SELL,1,355,2019-03-29T07:16:23.445,2019-03-29T07:16:23.448,,07:16:23.445,07:16:23.445,0,350,#N/A,#N/A,00:32:02,1922.358,-1
pert-josh,M7@bmm,4570,433,8653,9,814,NULL,2818413,2818413,2818413,NULL,LIMIT,SELL,1,345,2019-03-29T07:16:31.995,2019-03-29T07:16:32,,07:16:31.995,07:16:31.995,0,350,#N/A,#N/A,00:32:11,1930.908,-1
pert-josh,M5@bmm,4568,433,8653,9,814,NULL,2818414,2818414,2818414,NULL,LIMIT,BUY,1,260,2019-03-29T07:16:35.454,2019-03-29T07:16:35.458,,07:16:35.454,07:16:35.454,0,350,#N/A,#N/A,00:32:14,1934.367,1
pert-josh,M7@bmm,4570,433,8653,9,814,NULL,2818415,2818415,2818415,2818417,LIMIT,SELL,1,290,2019-03-29T07:16:43.186,2019-03-29T07:16:52.877,,07:16:43.186,07:16:43.186,0,350,#N/A,#N/A,00:32:22,1942.099,-1
pert-josh,M5@bmm,4568,433,8653,9,814,NULL,2818417,2818416,2818416,2818415,LIMIT,BUY,1,290,2019-03-29T07:16:52.872,2019-03-29T07:16:52.877,,07:16:52.872,07:16:52.872,1,350,290,-60,00:32:32,1951.785,1
pert-josh,M7@bmm,4570,433,8653,9,814,NULL,2818418,2818418,2818418,2818405,LIMIT,SELL,1,285,2019-03-29T07:16:53.161,2019-03-29T07:16:53.167,,07:16:53.161,07:16:53.161,1,350,285,-65,00:32:32,1952.074,-1
pert-josh,M5@bmm,4568,433,8653,9,814,NULL,2818419,2818419,2818419,2818421,LIMIT,BUY,1,310,2019-03-29T07:16:53.244,2019-03-29T07:17:06.513,,07:16:53.244,07:16:53.244,0,350,#N/A,#N/A,00:32:32,1952.157,1
pert-josh,M5@bmm,4568,433,8653,9,814,NULL,2818420,2818420,2818420,2818422,LIMIT,BUY,1,310,2019-03-29T07:16:59.574,2019-03-29T07:17:09.014,,07:16:59.574,07:16:59.574,0,350,#N/A,#N/A,00:32:38,1958.487,1
pert-josh,M7@bmm,4570,433,8653,9,814,NULL,2818421,2818421,2818421,2818419,LIMIT,SELL,1,310,2019-03-29T07:17:06.506,2019-03-29T07:17:06.513,,07:17:06.506,07:17:06.506,1,350,310,-40,00:32:45,1965.419,-1
pert-josh,M7@bmm,4570,433,8653,9,814,NULL,2818422,2818422,2818422,2818420,LIMIT,SELL,1,310,2019-03-29T07:17:09.007,2019-03-29T07:17:09.014,,07:17:09.007,07:17:09.007,1,350,310,-40,00:32:48,1967.92,-1
pert-josh,M5@bmm,4568,433,8653,9,814,NULL,2818423,2818423,2818423,NULL,LIMIT,BUY,1,300,2019-03-29T07:17:09.053,2019-03-29T07:17:09.057,,07:17:09.053,07:17:09.053,0,350,#N/A,#N/A,00:32:48,1967.966,1
pert-josh,M3@bmm,4566,433,8653,9,814,NULL,2818425,2818425,2818425,NULL,LIMIT,SELL,1,345,2019-03-29T07:17:20.949,2019-03-29T07:17:20.952,,07:17:20.949,07:17:20.949,0,350,#N/A,#N/A,00:33:00,1979.862,-1
pert-josh,M7@bmm,4570,433,8653,9,814,NULL,2818426,2818426,2818426,NULL,LIMIT,BUY,1,330,2019-03-29T07:17:24.568,2019-03-29T07:17:24.572,,07:17:24.568,07:17:24.568,0,350,#N/A,#N/A,00:33:03,1983.481,1
pert-josh,M5@bmm,4568,433,8653,9,814,NULL,2818427,2818427,2818427,NULL,LIMIT,SELL,1,355,2019-03-29T07:17:26.125,2019-03-29T07:17:26.128,,07:17:26.125,07:17:26.125,0,350,#N/A,#N/A,00:33:05,1985.038,-1
pert-josh,M2@bmm,4565,433,8653,9,814,NULL,2818428,2818428,2818428,NULL,LIMIT,SELL,1,335,2019-03-29T07:17:31.487,2019-03-29T07:17:31.491,,07:17:31.487,07:17:31.487,0,350,#N/A,#N/A,00:33:10,1990.4,-1
pert-josh,M8@bmm,4571,433,8653,9,814,NULL,2818429,2818429,2818429,NULL,LIMIT,SELL,1,340,2019-03-29T07:17:33.553,2019-03-29T07:17:33.557,,07:17:33.553,07:17:33.553,0,350,#N/A,#N/A,00:33:12,1992.466,-1
pert-josh,M7@bmm,4570,433,8656,10,814,NULL,2818431,2818431,2818431,NULL,LIMIT,SELL,1,320,2019-03-29T07:18:01.111,2019-03-29T07:18:01.116,,07:18:01.111,07:18:01.111,0,300,#N/A,#N/A,00:33:40,2020.024,-1
pert-josh,M5@bmm,4568,433,8656,10,814,NULL,2818434,2818434,2818434,2818463,LIMIT,BUY,1,275,2019-03-29T07:18:08.709,2019-03-29T07:18:57.494,,07:18:08.709,07:18:08.709,0,300,#N/A,#N/A,00:33:48,2027.622,1
pert-josh,M6@bmm,4569,433,8656,10,814,NULL,2818435,2818435,2818435,2818436,LIMIT,SELL,1,310,2019-03-29T07:18:09.108,2019-03-29T07:18:13.870,,07:18:09.108,07:18:09.108,0,300,#N/A,#N/A,00:33:48,2028.021,-1
pert-josh,M2@bmm,4565,433,8656,10,814,NULL,2818436,2818436,2818436,2818435,LIMIT,BUY,1,310,2019-03-29T07:18:13.864,2019-03-29T07:18:13.870,,07:18:13.864,07:18:13.864,1,300,310,10,00:33:53,2032.777,1
pert-josh,M3@bmm,4566,433,8656,10,814,NULL,2818441,2818441,2818441,2818461,LIMIT,BUY,1,280,2019-03-29T07:18:18.908,2019-03-29T07:18:54.160,,07:18:18.908,07:18:18.908,0,300,#N/A,#N/A,00:33:58,2037.821,1
pert-josh,M7@bmm,4570,433,8656,10,814,NULL,2818445,2818445,2818445,NULL,LIMIT,SELL,1,305,2019-03-29T07:18:21.837,2019-03-29T07:18:21.840,,07:18:21.837,07:18:21.837,0,300,#N/A,#N/A,00:34:01,2040.75,-1
pert-josh,M5@bmm,4568,433,8656,10,814,NULL,2818446,2818446,2818446,2818455,LIMIT,BUY,1,285,2019-03-29T07:18:24.023,2019-03-29T07:18:41.145,,07:18:24.023,07:18:24.023,0,300,#N/A,#N/A,00:34:03,2042.936,1
pert-josh,M5@bmm,4568,433,8656,10,814,NULL,2818449,2818449,2818449,2818453,LIMIT,BUY,1,290,2019-03-29T07:18:33.711,2019-03-29T07:18:36.910,,07:18:33.711,07:18:33.711,0,300,#N/A,#N/A,00:34:13,2052.624,1
pert-josh,M8@bmm,4571,433,8656,10,814,NULL,2818450,2818450,2818450,2818454,LIMIT,SELL,1,300,2019-03-29T07:18:33.846,2019-03-29T07:18:40.070,,07:18:33.846,07:18:33.846,0,300,#N/A,#N/A,00:34:13,2052.759,-1
pert-josh,M7@bmm,4570,433,8656,10,814,NULL,2818453,2818452,2818452,2818449,LIMIT,SELL,1,290,2019-03-29T07:18:36.906,2019-03-29T07:18:36.910,,07:18:36.906,07:18:36.906,1,300,290,-10,00:34:16,2055.819,-1
pert-josh,M2@bmm,4565,433,8656,10,814,NULL,2818454,2818454,2818454,2818450,LIMIT,BUY,1,300,2019-03-29T07:18:40.063,2019-03-29T07:18:40.070,,07:18:40.063,07:18:40.063,1,300,300,0,00:34:19,2058.976,1
pert-josh,M7@bmm,4570,433,8656,10,814,NULL,2818455,2818455,2818455,2818446,LIMIT,SELL,1,285,2019-03-29T07:18:41.136,2019-03-29T07:18:41.145,,07:18:41.136,07:18:41.136,1,300,285,-15,00:34:20,2060.049,-1
pert-josh,M5@bmm,4568,433,8656,10,814,NULL,2818456,2818456,2818456,NULL,LIMIT,SELL,1,305,2019-03-29T07:18:45.311,2019-03-29T07:18:45.314,,07:18:45.311,07:18:45.311,0,300,#N/A,#N/A,00:34:24,2064.224,-1
pert-josh,M5@bmm,4568,433,8656,10,814,NULL,2818457,2818457,2818457,NULL,LIMIT,SELL,1,305,2019-03-29T07:18:46.021,2019-03-29T07:18:46.025,,07:18:46.021,07:18:46.021,0,300,#N/A,#N/A,00:34:25,2064.934,-1
pert-josh,M5@bmm,4568,433,8656,10,814,NULL,2818458,2818458,2818458,NULL,LIMIT,SELL,1,310,2019-03-29T07:18:48.606,2019-03-29T07:18:48.609,,07:18:48.606,07:18:48.606,0,300,#N/A,#N/A,00:34:28,2067.519,-1
pert-josh,M2@bmm,4565,433,8656,10,814,NULL,2818460,2818460,2818460,NULL,LIMIT,SELL,1,310,2019-03-29T07:18:51.366,2019-03-29T07:18:51.370,,07:18:51.366,07:18:51.366,0,300,#N/A,#N/A,00:34:30,2070.279,-1
pert-josh,M7@bmm,4570,433,8656,10,814,NULL,2818461,2818461,2818461,2818441,LIMIT,SELL,1,280,2019-03-29T07:18:54.153,2019-03-29T07:18:54.160,,07:18:54.153,07:18:54.153,1,300,280,-20,00:34:33,2073.066,-1
pert-josh,M5@bmm,4568,433,8656,10,814,NULL,2818462,2818462,2818462,NULL,LIMIT,SELL,1,320,2019-03-29T07:18:55.141,2019-03-29T07:18:55.144,,07:18:55.141,07:18:55.141,0,300,#N/A,#N/A,00:34:34,2074.054,-1
pert-josh,M7@bmm,4570,433,8656,10,814,NULL,2818463,2818463,2818463,2818434,LIMIT,SELL,1,275,2019-03-29T07:18:57.488,2019-03-29T07:18:57.494,,07:18:57.488,07:18:57.488,1,300,275,-25,00:34:36,2076.401,-1
pert-josh,M5@bmm,4568,433,8656,10,814,NULL,2818464,2818464,2818464,2818477,LIMIT,BUY,1,275,2019-03-29T07:19:13.136,2019-03-29T07:19:38.288,,07:19:13.136,07:19:13.136,0,300,#N/A,#N/A,00:34:52,2092.049,1
pert-josh,M8@bmm,4571,433,8656,10,814,NULL,2818466,2818466,2818466,2818474,LIMIT,BUY,1,295,2019-03-29T07:19:19.592,2019-03-29T07:19:31.079,,07:19:19.592,07:19:19.592,0,300,#N/A,#N/A,00:34:59,2098.505,1
pert-josh,M7@bmm,4570,433,8656,10,814,NULL,2818467,2818467,2818467,NULL,LIMIT,BUY,1,215,2019-03-29T07:19:19.690,2019-03-29T07:19:19.693,,07:19:19.690,07:19:19.690,0,300,#N/A,#N/A,00:34:59,2098.603,1
pert-josh,M5@bmm,4568,433,8656,10,814,NULL,2818469,2818469,2818469,NULL,LIMIT,SELL,1,310,2019-03-29T07:19:23.734,2019-03-29T07:19:23.737,,07:19:23.734,07:19:23.734,0,300,#N/A,#N/A,00:35:03,2102.647,-1
pert-josh,M3@bmm,4566,433,8656,10,814,NULL,2818471,2818471,2818471,NULL,LIMIT,SELL,1,305,2019-03-29T07:19:24.942,2019-03-29T07:19:24.945,,07:19:24.942,07:19:24.942,0,300,#N/A,#N/A,00:35:04,2103.855,-1
pert-josh,M5@bmm,4568,433,8656,10,814,NULL,2818472,2818472,2818472,NULL,LIMIT,SELL,1,305,2019-03-29T07:19:25.093,2019-03-29T07:19:25.097,,07:19:25.093,07:19:25.093,0,300,#N/A,#N/A,00:35:04,2104.006,-1
pert-josh,M3@bmm,4566,433,8656,10,814,NULL,2818473,2818473,2818473,NULL,LIMIT,SELL,1,300,2019-03-29T07:19:27.937,2019-03-29T07:19:27.941,,07:19:27.937,07:19:27.937,0,300,#N/A,#N/A,00:35:07,2106.85,-1
pert-josh,M6@bmm,4569,433,8656,10,814,NULL,2818474,2818474,2818474,2818466,LIMIT,SELL,1,295,2019-03-29T07:19:31.072,2019-03-29T07:19:31.079,,07:19:31.072,07:19:31.072,1,300,295,-5,00:35:10,2109.985,-1
pert-josh,M7@bmm,4570,433,8656,10,814,NULL,2818477,2818476,2818476,2818464,LIMIT,SELL,1,275,2019-03-29T07:19:38.284,2019-03-29T07:19:38.288,,07:19:38.284,07:19:38.284,1,300,275,-25,00:35:17,2117.197,-1
pert-josh,M7@bmm,4570,433,8656,10,814,NULL,2818479,2818479,2818479,2818480,LIMIT,BUY,1,300,2019-03-29T07:19:50.019,2019-03-29T07:19:50.033,,07:19:50.019,07:19:50.019,0,300,#N/A,#N/A,00:35:29,2128.932,1
pert-josh,M1@bmm,4564,433,8656,10,814,NULL,2818480,2818470,2818470,2818479,LIMIT,SELL,1,300,2019-03-29T07:19:50.026,2019-03-29T07:19:50.033,,07:19:50.026,07:19:50.026,1,300,300,0,00:35:29,2128.939,-1
pert-josh,M1@bmm,4564,433,8656,10,814,NULL,2818481,2818470,2818470,NULL,LIMIT,SELL,1,300,2019-03-29T07:19:23.814,2019-03-29T07:19:50.033,,07:19:23.814,07:19:23.814,0,300,#N/A,#N/A,00:35:03,2102.727,-1
pert-josh,M5@bmm,4568,433,8658,11,814,NULL,2818482,2818482,2818482,NULL,LIMIT,SELL,1,270,2019-03-29T07:20:18.666,2019-03-29T07:20:18.669,,07:20:18.666,07:20:18.666,0,250,#N/A,#N/A,00:35:58,2157.579,-1
pert-josh,M5@bmm,4568,433,8658,11,814,NULL,2818484,2818484,2818484,NULL,LIMIT,SELL,1,270,2019-03-29T07:20:19.469,2019-03-29T07:20:19.472,,07:20:19.469,07:20:19.469,0,250,#N/A,#N/A,00:35:58,2158.382,-1
pert-josh,M5@bmm,4568,433,8658,11,814,NULL,2818485,2818485,2818485,NULL,LIMIT,SELL,1,270,2019-03-29T07:20:19.713,2019-03-29T07:20:19.716,,07:20:19.713,07:20:19.713,0,250,#N/A,#N/A,00:35:59,2158.626,-1
pert-josh,M5@bmm,4568,433,8658,11,814,NULL,2818486,2818486,2818486,NULL,LIMIT,SELL,1,265,2019-03-29T07:20:21.591,2019-03-29T07:20:21.594,,07:20:21.591,07:20:21.591,0,250,#N/A,#N/A,00:36:01,2160.504,-1
pert-josh,M5@bmm,4568,433,8658,11,814,NULL,2818487,2818487,2818487,NULL,LIMIT,SELL,1,265,2019-03-29T07:20:22.021,2019-03-29T07:20:22.025,,07:20:22.021,07:20:22.021,0,250,#N/A,#N/A,00:36:01,2160.934,-1
pert-josh,M5@bmm,4568,433,8658,11,814,NULL,2818488,2818488,2818488,2818520,LIMIT,SELL,1,260,2019-03-29T07:20:23.661,2019-03-29T07:20:45.479,,07:20:23.661,07:20:23.661,0,250,#N/A,#N/A,00:36:03,2162.574,-1
pert-josh,M5@bmm,4568,433,8658,11,814,NULL,2818489,2818489,2818489,2818500,LIMIT,SELL,1,255,2019-03-29T07:20:25.207,2019-03-29T07:20:28.303,,07:20:25.207,07:20:25.207,0,250,#N/A,#N/A,00:36:04,2164.12,-1
pert-josh,M6@bmm,4569,433,8658,11,814,NULL,2818490,2818490,2818490,2818492,LIMIT,SELL,1,245,2019-03-29T07:20:25.617,2019-03-29T07:20:25.896,,07:20:25.617,07:20:25.617,0,250,#N/A,#N/A,00:36:05,2164.53,-1
pert-josh,M7@bmm,4570,433,8658,11,814,NULL,2818492,2818491,2818491,2818490,LIMIT,BUY,1,245,2019-03-29T07:20:25.892,2019-03-29T07:20:25.896,,07:20:25.892,07:20:25.892,1,250,245,-5,00:36:05,2164.805,1
pert-josh,M5@bmm,4568,433,8658,11,814,NULL,2818493,2818493,2818493,2818505,LIMIT,SELL,1,255,2019-03-29T07:20:26.109,2019-03-29T07:20:31.757,,07:20:26.109,07:20:26.109,0,250,#N/A,#N/A,00:36:05,2165.022,-1
pert-josh,M5@bmm,4568,433,8658,11,814,NULL,2818494,2818494,2818494,2818509,LIMIT,SELL,1,255,2019-03-29T07:20:26.298,2019-03-29T07:20:33.060,,07:20:26.298,07:20:26.298,0,250,#N/A,#N/A,00:36:05,2165.211,-1
pert-josh,M7@bmm,4570,433,8658,11,814,NULL,2818500,2818499,2818499,2818489,LIMIT,BUY,1,255,2019-03-29T07:20:28.299,2019-03-29T07:20:28.303,,07:20:28.299,07:20:28.299,1,250,255,5,00:36:07,2167.212,1
pert-josh,M6@bmm,4569,433,8658,11,814,NULL,2818501,2818501,2818501,2818503,LIMIT,SELL,1,250,2019-03-29T07:20:28.944,2019-03-29T07:20:30.944,,07:20:28.944,07:20:28.944,0,250,#N/A,#N/A,00:36:08,2167.857,-1
pert-josh,M7@bmm,4570,433,8658,11,814,NULL,2818503,2818502,2818502,2818501,LIMIT,BUY,1,250,2019-03-29T07:20:30.940,2019-03-29T07:20:30.944,,07:20:30.940,07:20:30.940,1,250,250,0,00:36:10,2169.853,1
pert-josh,M7@bmm,4570,433,8658,11,814,NULL,2818505,2818504,2818504,2818493,LIMIT,BUY,1,255,2019-03-29T07:20:31.753,2019-03-29T07:20:31.757,,07:20:31.753,07:20:31.753,1,250,255,5,00:36:11,2170.666,1
pert-josh,M5@bmm,4568,433,8658,11,814,NULL,2818507,2818507,2818507,NULL,LIMIT,SELL,1,265,2019-03-29T07:20:32.818,2019-03-29T07:20:32.823,,07:20:32.818,07:20:32.818,0,250,#N/A,#N/A,00:36:12,2171.731,-1
pert-josh,M7@bmm,4570,433,8658,11,814,NULL,2818509,2818508,2818508,2818494,LIMIT,BUY,1,255,2019-03-29T07:20:33.057,2019-03-29T07:20:33.061,,07:20:33.057,07:20:33.057,1,250,255,5,00:36:12,2171.97,1
pert-josh,M5@bmm,4568,433,8658,11,814,NULL,2818510,2818510,2818510,NULL,LIMIT,SELL,1,270,2019-03-29T07:20:33.770,2019-03-29T07:20:33.773,,07:20:33.770,07:20:33.770,0,250,#N/A,#N/A,00:36:13,2172.683,-1
pert-josh,M3@bmm,4566,433,8658,11,814,NULL,2818512,2818512,2818512,2818517,LIMIT,SELL,1,255,2019-03-29T07:20:37.605,2019-03-29T07:20:43.468,,07:20:37.605,07:20:37.605,0,250,#N/A,#N/A,00:36:17,2176.518,-1
pert-josh,M7@bmm,4570,433,8658,11,814,NULL,2818517,2818516,2818516,2818512,LIMIT,BUY,1,255,2019-03-29T07:20:43.464,2019-03-29T07:20:43.468,,07:20:43.464,07:20:43.464,1,250,255,5,00:36:22,2182.377,1
pert-josh,M7@bmm,4570,433,8658,11,814,NULL,2818520,2818520,2818520,2818488,LIMIT,BUY,1,260,2019-03-29T07:20:45.472,2019-03-29T07:20:45.479,,07:20:45.472,07:20:45.472,1,250,260,10,00:36:24,2184.385,1
pert-josh,M8@bmm,4571,433,8658,11,814,NULL,2818521,2818521,2818521,NULL,LIMIT,BUY,1,100,2019-03-29T07:20:46.419,2019-03-29T07:20:46.422,,07:20:46.419,07:20:46.419,0,250,#N/A,#N/A,00:36:25,2185.332,1
pert-josh,M7@bmm,4570,433,8658,11,814,NULL,2818522,2818522,2818522,2818523,LIMIT,BUY,1,260,2019-03-29T07:20:47.591,2019-03-29T07:20:49.849,,07:20:47.591,07:20:47.591,0,250,#N/A,#N/A,00:36:27,2186.504,1
pert-josh,M2@bmm,4565,433,8658,11,814,NULL,2818523,2818523,2818523,2818522,LIMIT,SELL,1,260,2019-03-29T07:20:49.842,2019-03-29T07:20:49.849,,07:20:49.842,07:20:49.842,1,250,260,10,00:36:29,2188.755,-1
pert-josh,M7@bmm,4570,433,8658,11,814,NULL,2818525,2818525,2818525,NULL,LIMIT,SELL,1,260,2019-03-29T07:20:58.733,2019-03-29T07:20:58.736,,07:20:58.733,07:20:58.733,0,250,#N/A,#N/A,00:36:38,2197.646,-1
pert-josh,M6@bmm,4569,433,8658,11,814,NULL,2818526,2818526,2818526,NULL,LIMIT,BUY,1,195,2019-03-29T07:21:02.035,2019-03-29T07:21:02.038,,07:21:02.035,07:21:02.035,0,250,#N/A,#N/A,00:36:41,2200.948,1
pert-josh,M6@bmm,4569,433,8658,11,814,NULL,2818527,2818527,2818527,NULL,LIMIT,BUY,1,195,2019-03-29T07:21:08.251,2019-03-29T07:21:08.254,,07:21:08.251,07:21:08.251,0,250,#N/A,#N/A,00:36:47,2207.164,1
pert-josh,M5@bmm,4568,433,8658,11,814,NULL,2818528,2818528,2818528,2818535,LIMIT,SELL,1,255,2019-03-29T07:21:15.664,2019-03-29T07:21:23.153,,07:21:15.664,07:21:15.664,0,250,#N/A,#N/A,00:36:55,2214.577,-1
pert-josh,M5@bmm,4568,433,8658,11,814,NULL,2818529,2818529,2818529,NULL,LIMIT,SELL,1,255,2019-03-29T07:21:16.350,2019-03-29T07:21:16.353,,07:21:16.350,07:21:16.350,0,250,#N/A,#N/A,00:36:55,2215.263,-1
pert-josh,M5@bmm,4568,433,8658,11,814,NULL,2818530,2818530,2818530,NULL,LIMIT,SELL,1,255,2019-03-29T07:21:16.883,2019-03-29T07:21:16.886,,07:21:16.883,07:21:16.883,0,250,#N/A,#N/A,00:36:56,2215.796,-1
pert-josh,M7@bmm,4570,433,8658,11,814,NULL,2818531,2818531,2818531,NULL,LIMIT,SELL,1,255,2019-03-29T07:21:17.624,2019-03-29T07:21:17.629,,07:21:17.624,07:21:17.624,0,250,#N/A,#N/A,00:36:57,2216.537,-1
pert-josh,M5@bmm,4568,433,8658,11,814,NULL,2818533,2818533,2818533,NULL,LIMIT,SELL,1,255,2019-03-29T07:21:20.015,2019-03-29T07:21:20.032,,07:21:20.015,07:21:20.015,0,250,#N/A,#N/A,00:36:59,2218.928,-1
pert-josh,M7@bmm,4570,433,8658,11,814,NULL,2818535,2818535,2818535,2818528,LIMIT,BUY,1,255,2019-03-29T07:21:23.147,2019-03-29T07:21:23.153,,07:21:23.147,07:21:23.147,1,250,255,5,00:37:02,2222.06,1
pert-josh,M1@bmm,4564,433,8658,11,814,NULL,2818536,2818536,2818536,2818538,LIMIT,SELL,1,230,2019-03-29T07:21:23.548,2019-03-29T07:21:24.018,,07:21:23.548,07:21:23.548,0,250,#N/A,#N/A,00:37:02,2222.461,-1
pert-josh,M7@bmm,4570,433,8658,11,814,NULL,2818538,2818537,2818537,2818536,LIMIT,BUY,1,230,2019-03-29T07:21:24.014,2019-03-29T07:21:24.019,,07:21:24.014,07:21:24.014,1,250,230,-20,00:37:03,2222.927,1
pert-josh,M7@bmm,4570,433,8658,11,814,NULL,2818539,2818539,2818539,2818546,LIMIT,SELL,1,240,2019-03-29T07:21:34.391,2019-03-29T07:21:58.006,,07:21:34.391,07:21:34.391,0,250,#N/A,#N/A,00:37:13,2233.304,-1
pert-josh,M6@bmm,4569,433,8658,11,814,NULL,2818540,2818540,2818540,2818548,LIMIT,BUY,1,205,2019-03-29T07:21:37.644,2019-03-29T07:22:06.291,,07:21:37.644,07:21:37.644,0,250,#N/A,#N/A,00:37:17,2236.557,1
