account,email,owner,marketplace,session,period,market,target,order,original,supplier,consumer,type,side,units,price,createdDate,lastModifiedDate,16. just time,17. just second,,trade,fair value,trade price,mispricing,time mins,time secs,buy/sell
pert-josh,M4@bmm,4567,433,7955,1,814,NULL,2419384,2419384,2419384,NULL,LIMIT,BUY,1,365,2019-03-01T04:09:45.656,2019-03-01T04:09:45.659,,04:09:45.656,04:09:45.656,0,750,#N/A,#N/A,00:00:00,0,1
pert-josh,M5@bmm,4568,433,7955,1,814,NULL,2419385,2419385,2419385,2419387,LIMIT,SELL,1,500,2019-03-01T04:09:56.336,2019-03-01T04:10:03.426,,04:09:56.336,04:09:56.336,0,750,#N/A,#N/A,00:00:11,10.68,-1
pert-josh,M6@bmm,4569,433,7955,1,814,NULL,2419387,2419387,2419387,2419385,LIMIT,BUY,1,500,2019-03-01T04:10:03.419,2019-03-01T04:10:03.426,,04:10:03.419,04:10:03.419,1,750,500,-250,00:00:18,17.763,1
pert-josh,M1@bmm,4564,433,7955,1,814,NULL,2419388,2419388,2419388,2419401,LIMIT,SELL,1,510,2019-03-01T04:10:09.645,2019-03-01T04:10:26.925,,04:10:09.645,04:10:09.645,0,750,#N/A,#N/A,00:00:24,23.989,-1
pert-josh,M3@bmm,4566,433,7955,1,814,NULL,2419389,2419389,2419389,2419397,LIMIT,SELL,1,465,2019-03-01T04:10:14.203,2019-03-01T04:10:22.839,,04:10:14.203,04:10:14.203,0,750,#N/A,#N/A,00:00:29,28.547,-1
pert-josh,M1@bmm,4564,433,7955,1,814,NULL,2419392,2419392,2419392,2419395,LIMIT,SELL,1,460,2019-03-01T04:10:19.461,2019-03-01T04:10:22.695,,04:10:19.461,04:10:19.461,0,750,#N/A,#N/A,00:00:34,33.805,-1
pert-josh,M7@bmm,4570,433,7955,1,814,NULL,2419393,2419393,2419393,2419399,LIMIT,SELL,1,465,2019-03-01T04:10:21.600,2019-03-01T04:10:23.061,,04:10:21.600,04:10:21.600,0,750,#N/A,#N/A,00:00:36,35.944,-1
pert-josh,M8@bmm,4571,433,7955,1,814,NULL,2419395,2419394,2419394,2419392,LIMIT,BUY,1,460,2019-03-01T04:10:22.691,2019-03-01T04:10:22.695,,04:10:22.691,04:10:22.691,1,750,460,-290,00:00:37,37.035,1
pert-josh,M8@bmm,4571,433,7955,1,814,NULL,2419397,2419396,2419396,2419389,LIMIT,BUY,1,465,2019-03-01T04:10:22.835,2019-03-01T04:10:22.839,,04:10:22.835,04:10:22.835,1,750,465,-285,00:00:37,37.179,1
pert-josh,M8@bmm,4571,433,7955,1,814,NULL,2419399,2419398,2419398,2419393,LIMIT,BUY,1,465,2019-03-01T04:10:23.057,2019-03-01T04:10:23.061,,04:10:23.057,04:10:23.057,1,750,465,-285,00:00:37,37.401,1
pert-josh,M6@bmm,4569,433,7955,1,814,NULL,2419401,2419401,2419401,2419388,LIMIT,BUY,1,510,2019-03-01T04:10:26.919,2019-03-01T04:10:26.925,,04:10:26.919,04:10:26.919,1,750,510,-240,00:00:41,41.263,1
pert-josh,M5@bmm,4568,433,7955,1,814,NULL,2419403,2419403,2419403,2419405,LIMIT,SELL,1,500,2019-03-01T04:10:35.921,2019-03-01T04:10:38.207,,04:10:35.921,04:10:35.921,0,750,#N/A,#N/A,00:00:50,50.265,-1
pert-josh,M6@bmm,4569,433,7955,1,814,NULL,2419405,2419404,2419404,2419403,LIMIT,BUY,1,500,2019-03-01T04:10:38.195,2019-03-01T04:10:38.208,,04:10:38.195,04:10:38.195,1,750,500,-250,00:00:53,52.539,1
pert-josh,M6@bmm,4569,433,7955,1,814,NULL,2419406,2419404,2419404,2419407,LIMIT,BUY,1,520,2019-03-01T04:10:38.199,2019-03-01T04:10:38.208,,04:10:38.199,04:10:38.199,0,750,#N/A,#N/A,00:00:53,52.543,1
pert-josh,M1@bmm,4564,433,7955,1,814,NULL,2419407,2419402,2419402,2419406,LIMIT,SELL,1,520,2019-03-01T04:10:38.201,2019-03-01T04:10:38.208,,04:10:38.201,04:10:38.201,1,750,520,-230,00:00:53,52.545,-1
pert-josh,M1@bmm,4564,433,7955,1,814,NULL,2419408,2419402,2419402,2419410,LIMIT,SELL,1,520,2019-03-01T04:10:32.828,2019-03-01T04:10:38.504,,04:10:32.828,04:10:32.828,0,750,#N/A,#N/A,00:00:47,47.172,-1
pert-josh,M6@bmm,4569,433,7955,1,814,NULL,2419410,2419409,2419409,2419408,LIMIT,BUY,1,520,2019-03-01T04:10:38.498,2019-03-01T04:10:38.504,,04:10:38.498,04:10:38.498,1,750,520,-230,00:00:53,52.842,1
pert-josh,M6@bmm,4569,433,7955,1,814,NULL,2419411,2419409,2419409,2419414,LIMIT,BUY,1,520,2019-03-01T04:10:38.493,2019-03-01T04:10:43.154,,04:10:38.493,04:10:38.493,0,750,#N/A,#N/A,00:00:53,52.837,1
pert-josh,M1@bmm,4564,433,7955,1,814,NULL,2419414,2419413,2419413,2419411,LIMIT,SELL,1,520,2019-03-01T04:10:43.147,2019-03-01T04:10:43.154,,04:10:43.147,04:10:43.147,1,750,520,-230,00:00:57,57.491,-1
pert-josh,M1@bmm,4564,433,7955,1,814,NULL,2419415,2419413,2419413,2419420,LIMIT,SELL,1,520,2019-03-01T04:10:43.141,2019-03-01T04:10:59.629,,04:10:43.141,04:10:43.141,0,750,#N/A,#N/A,00:00:57,57.485,-1
pert-josh,M4@bmm,4567,433,7955,1,814,NULL,2419416,2419416,2419416,NULL,LIMIT,BUY,1,480,2019-03-01T04:10:43.756,2019-03-01T04:10:43.759,,04:10:43.756,04:10:43.756,0,750,#N/A,#N/A,00:00:58,58.1,1
pert-josh,M2@bmm,4565,433,7955,1,814,NULL,2419420,2419420,2419420,2419415,LIMIT,BUY,1,520,2019-03-01T04:10:59.623,2019-03-01T04:10:59.629,,04:10:59.623,04:10:59.623,1,750,520,-230,00:01:14,73.967,1
pert-josh,M7@bmm,4570,433,7955,1,814,NULL,2419423,2419422,2419422,2419424,LIMIT,BUY,1,520,2019-03-01T04:11:00.274,2019-03-01T04:11:00.284,,04:11:00.274,04:11:00.274,0,750,#N/A,#N/A,00:01:15,74.618,1
pert-josh,M1@bmm,4564,433,7955,1,814,NULL,2419424,2419421,2419421,2419423,LIMIT,SELL,1,520,2019-03-01T04:11:00.277,2019-03-01T04:11:00.284,,04:11:00.277,04:11:00.277,1,750,520,-230,00:01:15,74.621,-1
pert-josh,M1@bmm,4564,433,7955,1,814,NULL,2419425,2419421,2419421,2419429,LIMIT,SELL,1,520,2019-03-01T04:11:00.165,2019-03-01T04:11:02.814,,04:11:00.165,04:11:00.165,0,750,#N/A,#N/A,00:01:15,74.509,-1
pert-josh,M6@bmm,4569,433,7955,1,814,NULL,2419427,2419427,2419427,2419436,LIMIT,BUY,1,500,2019-03-01T04:11:02.656,2019-03-01T04:11:23.223,,04:11:02.656,04:11:02.656,0,750,#N/A,#N/A,00:01:17,77,1
pert-josh,M7@bmm,4570,433,7955,1,814,NULL,2419429,2419428,2419428,2419425,LIMIT,BUY,1,520,2019-03-01T04:11:02.811,2019-03-01T04:11:02.814,,04:11:02.811,04:11:02.811,1,750,520,-230,00:01:17,77.155,1
pert-josh,M4@bmm,4567,433,7955,1,814,NULL,2419435,2419435,2419435,NULL,LIMIT,BUY,1,485,2019-03-01T04:11:23.026,2019-03-01T04:11:23.028,,04:11:23.026,04:11:23.026,0,750,#N/A,#N/A,00:01:37,97.37,1
pert-josh,M5@bmm,4568,433,7955,1,814,NULL,2419436,2419436,2419436,2419427,LIMIT,SELL,1,500,2019-03-01T04:11:23.216,2019-03-01T04:11:23.223,,04:11:23.216,04:11:23.216,1,750,500,-250,00:01:38,97.56,-1
pert-josh,M6@bmm,4569,433,7955,1,814,NULL,2419437,2419437,2419437,NULL,LIMIT,SELL,1,1000,2019-03-01T04:11:24.252,2019-03-01T04:11:24.255,,04:11:24.252,04:11:24.252,0,750,#N/A,#N/A,00:01:39,98.596,-1
pert-josh,M6@bmm,4569,433,7955,1,814,NULL,2419440,2419440,2419440,NULL,LIMIT,SELL,1,950,2019-03-01T04:11:39.286,2019-03-01T04:11:39.288,,04:11:39.286,04:11:39.286,0,750,#N/A,#N/A,00:01:54,113.63,-1
pert-josh,M4@bmm,4567,433,7955,1,814,NULL,2419442,2419442,2419442,2419455,LIMIT,BUY,1,490,2019-03-01T04:11:48.713,2019-03-01T04:12:11.714,,04:11:48.713,04:11:48.713,0,750,#N/A,#N/A,00:02:03,123.057,1
pert-josh,M8@bmm,4571,433,7955,1,814,NULL,2419445,2419445,2419445,2419448,LIMIT,SELL,1,500,2019-03-01T04:11:55.264,2019-03-01T04:12:00.674,,04:11:55.264,04:11:55.264,0,750,#N/A,#N/A,00:02:10,129.608,-1
pert-josh,M5@bmm,4568,433,7955,1,814,NULL,2419446,2419446,2419446,2419451,LIMIT,SELL,1,500,2019-03-01T04:11:58.094,2019-03-01T04:12:04.578,,04:11:58.094,04:11:58.094,0,750,#N/A,#N/A,00:02:12,132.438,-1
pert-josh,M4@bmm,4567,433,7955,1,814,NULL,2419447,2419447,2419447,NULL,LIMIT,BUY,1,485,2019-03-01T04:11:58.791,2019-03-01T04:11:58.794,,04:11:58.791,04:11:58.791,0,750,#N/A,#N/A,00:02:13,133.135,1
pert-josh,M1@bmm,4564,433,7955,1,814,NULL,2419448,2419448,2419448,2419445,LIMIT,BUY,1,500,2019-03-01T04:12:00.663,2019-03-01T04:12:00.674,,04:12:00.663,04:12:00.663,1,750,500,-250,00:02:15,135.007,1
pert-josh,M4@bmm,4567,433,7955,1,814,NULL,2419450,2419450,2419450,NULL,LIMIT,BUY,1,475,2019-03-01T04:12:02.527,2019-03-01T04:12:02.530,,04:12:02.527,04:12:02.527,0,750,#N/A,#N/A,00:02:17,136.871,1
pert-josh,M1@bmm,4564,433,7955,1,814,NULL,2419451,2419451,2419451,2419446,LIMIT,BUY,1,500,2019-03-01T04:12:04.571,2019-03-01T04:12:04.577,,04:12:04.571,04:12:04.571,1,750,500,-250,00:02:19,138.915,1
pert-josh,M6@bmm,4569,433,7955,1,814,NULL,2419452,2419452,2419452,2419454,LIMIT,SELL,1,500,2019-03-01T04:12:08.734,2019-03-01T04:12:11.209,,04:12:08.734,04:12:08.734,0,750,#N/A,#N/A,00:02:23,143.078,-1
pert-josh,M7@bmm,4570,433,7955,1,814,NULL,2419454,2419453,2419453,2419452,LIMIT,BUY,1,500,2019-03-01T04:12:11.205,2019-03-01T04:12:11.209,,04:12:11.205,04:12:11.205,1,750,500,-250,00:02:26,145.549,1
pert-josh,M2@bmm,4565,433,7955,1,814,NULL,2419455,2419455,2419455,2419442,LIMIT,SELL,1,490,2019-03-01T04:12:11.707,2019-03-01T04:12:11.714,,04:12:11.707,04:12:11.707,1,750,490,-260,00:02:26,146.051,-1
pert-josh,M4@bmm,4567,433,7955,1,814,NULL,2419458,2419458,2419458,2419484,LIMIT,BUY,1,490,2019-03-01T04:12:25.850,2019-03-01T04:13:11.867,,04:12:25.850,04:12:25.850,0,750,#N/A,#N/A,00:02:40,160.194,1
pert-josh,M6@bmm,4569,433,7955,1,814,NULL,2419459,2419459,2419459,2419466,LIMIT,BUY,1,500,2019-03-01T04:12:26.848,2019-03-01T04:12:35.011,,04:12:26.848,04:12:26.848,0,750,#N/A,#N/A,00:02:41,161.192,1
pert-josh,M8@bmm,4571,433,7955,1,814,NULL,2419460,2419460,2419460,2419464,LIMIT,SELL,1,505,2019-03-01T04:12:26.863,2019-03-01T04:12:31.835,,04:12:26.863,04:12:26.863,0,750,#N/A,#N/A,00:02:41,161.207,-1
pert-josh,M7@bmm,4570,433,7955,1,814,NULL,2419461,2419461,2419461,NULL,LIMIT,SELL,1,510,2019-03-01T04:12:27.374,2019-03-01T04:12:27.377,,04:12:27.374,04:12:27.374,0,750,#N/A,#N/A,00:02:42,161.718,-1
pert-josh,M7@bmm,4570,433,7955,1,814,NULL,2419462,2419462,2419462,2419465,LIMIT,SELL,1,505,2019-03-01T04:12:30.199,2019-03-01T04:12:32.078,,04:12:30.199,04:12:30.199,0,750,#N/A,#N/A,00:02:45,164.543,-1
pert-josh,M6@bmm,4569,433,7955,1,814,NULL,2419464,2419464,2419464,2419460,LIMIT,BUY,1,505,2019-03-01T04:12:31.829,2019-03-01T04:12:31.835,,04:12:31.829,04:12:31.829,1,750,505,-245,00:02:46,166.173,1
pert-josh,M6@bmm,4569,433,7955,1,814,NULL,2419465,2419465,2419465,2419462,LIMIT,BUY,1,505,2019-03-01T04:12:32.067,2019-03-01T04:12:32.078,,04:12:32.067,04:12:32.067,1,750,505,-245,00:02:46,166.411,1
pert-josh,M5@bmm,4568,433,7955,1,814,NULL,2419466,2419466,2419466,2419459,LIMIT,SELL,1,500,2019-03-01T04:12:35.005,2019-03-01T04:12:35.011,,04:12:35.005,04:12:35.005,1,750,500,-250,00:02:49,169.349,-1
pert-josh,M8@bmm,4571,433,7955,1,814,NULL,2419467,2419467,2419467,2419470,LIMIT,SELL,1,500,2019-03-01T04:12:35.049,2019-03-01T04:12:37.205,,04:12:35.049,04:12:35.049,0,750,#N/A,#N/A,00:02:49,169.393,-1
pert-josh,M2@bmm,4565,433,7955,1,814,NULL,2419470,2419469,2419469,2419467,LIMIT,BUY,1,500,2019-03-01T04:12:37.201,2019-03-01T04:12:37.205,,04:12:37.201,04:12:37.201,1,750,500,-250,00:02:52,171.545,1
pert-josh,M3@bmm,4566,433,7955,1,814,NULL,2419471,2419471,2419471,NULL,LIMIT,BUY,1,480,2019-03-01T04:12:39.629,2019-03-01T04:12:39.631,,04:12:39.629,04:12:39.629,0,750,#N/A,#N/A,00:02:54,173.973,1
pert-josh,M1@bmm,4564,433,7955,1,814,NULL,2419473,2419473,2419473,2419482,LIMIT,SELL,2,500,2019-03-01T04:12:40.565,2019-03-01T04:13:07.883,,04:12:40.565,04:12:40.565,0,750,#N/A,#N/A,00:02:55,174.909,-1
pert-josh,M4@bmm,4567,433,7955,1,814,NULL,2419474,2419474,2419474,2419483,LIMIT,SELL,1,500,2019-03-01T04:12:44.204,2019-03-01T04:13:07.883,,04:12:44.204,04:12:44.204,0,750,#N/A,#N/A,00:02:59,178.548,-1
pert-josh,M7@bmm,4570,433,7955,1,814,NULL,2419476,2419476,2419476,NULL,LIMIT,SELL,1,515,2019-03-01T04:12:47.698,2019-03-01T04:12:47.701,,04:12:47.698,04:12:47.698,0,750,#N/A,#N/A,00:03:02,182.042,-1
pert-josh,M4@bmm,4567,433,7955,1,814,NULL,2419478,2419478,2419478,2419480,LIMIT,SELL,1,495,2019-03-01T04:12:54.977,2019-03-01T04:12:58.590,,04:12:54.977,04:12:54.977,0,750,#N/A,#N/A,00:03:09,189.321,-1
pert-josh,M5@bmm,4568,433,7955,1,814,NULL,2419480,2419480,2419480,2419478,LIMIT,BUY,1,495,2019-03-01T04:12:58.584,2019-03-01T04:12:58.590,,04:12:58.584,04:12:58.584,1,750,495,-255,00:03:13,192.928,1
pert-josh,M6@bmm,4569,433,7955,1,814,NULL,2419482,2419481,2419481,2419473,LIMIT,BUY,2,500,2019-03-01T04:13:07.876,2019-03-01T04:13:07.883,,04:13:07.876,04:13:07.876,1,750,500,-250,00:03:22,202.22,1
pert-josh,M6@bmm,4569,433,7955,1,814,NULL,2419483,2419481,2419481,2419474,LIMIT,BUY,1,500,2019-03-01T04:13:07.880,2019-03-01T04:13:07.883,,04:13:07.880,04:13:07.880,1,750,500,-250,00:03:22,202.224,1
pert-josh,M2@bmm,4565,433,7955,1,814,NULL,2419484,2419484,2419484,2419458,LIMIT,SELL,1,490,2019-03-01T04:13:11.860,2019-03-01T04:13:11.867,,04:13:11.860,04:13:11.860,1,750,490,-260,00:03:26,206.204,-1
pert-josh,M4@bmm,4567,433,7955,1,814,NULL,2419487,2419487,2419487,NULL,LIMIT,BUY,1,490,2019-03-01T04:13:20.473,2019-03-01T04:13:20.476,,04:13:20.473,04:13:20.473,0,750,#N/A,#N/A,00:03:35,214.817,1
pert-josh,M6@bmm,4569,433,7955,1,814,NULL,2419488,2419488,2419488,2419489,LIMIT,BUY,1,510,2019-03-01T04:13:23.687,2019-03-01T04:13:23.701,,04:13:23.687,04:13:23.687,0,750,#N/A,#N/A,00:03:38,218.031,1
pert-josh,M1@bmm,4564,433,7955,1,814,NULL,2419489,2419438,2419438,2419488,LIMIT,SELL,1,510,2019-03-01T04:13:23.695,2019-03-01T04:13:23.702,,04:13:23.695,04:13:23.695,1,750,510,-240,00:03:38,218.039,-1
pert-josh,M1@bmm,4564,433,7955,1,814,NULL,2419490,2419438,2419438,2419500,LIMIT,SELL,1,510,2019-03-01T04:11:33.916,2019-03-01T04:13:58.108,,04:11:33.916,04:11:33.916,0,750,#N/A,#N/A,00:01:48,108.26,-1
pert-josh,M4@bmm,4567,433,7955,1,814,NULL,2419491,2419491,2419491,2419495,LIMIT,SELL,1,505,2019-03-01T04:13:25.984,2019-03-01T04:13:38.643,,04:13:25.984,04:13:25.984,0,750,#N/A,#N/A,00:03:40,220.328,-1
pert-josh,M2@bmm,4565,433,7955,1,814,NULL,2419495,2419495,2419495,2419491,LIMIT,BUY,1,505,2019-03-01T04:13:38.630,2019-03-01T04:13:38.643,,04:13:38.630,04:13:38.630,1,750,505,-245,00:03:53,232.974,1
pert-josh,M7@bmm,4570,433,7955,1,814,NULL,2419497,2419497,2419497,2419498,LIMIT,BUY,1,500,2019-03-01T04:13:47.417,2019-03-01T04:13:49.296,,04:13:47.417,04:13:47.417,0,750,#N/A,#N/A,00:04:02,241.761,1
pert-josh,M5@bmm,4568,433,7955,1,814,NULL,2419498,2419498,2419498,2419497,LIMIT,SELL,1,500,2019-03-01T04:13:49.287,2019-03-01T04:13:49.296,,04:13:49.287,04:13:49.287,1,750,500,-250,00:04:04,243.631,-1
pert-josh,M4@bmm,4567,433,7955,1,814,NULL,2419499,2419499,2419499,NULL,LIMIT,BUY,1,490,2019-03-01T04:13:50.369,2019-03-01T04:13:50.372,,04:13:50.369,04:13:50.369,0,750,#N/A,#N/A,00:04:05,244.713,1
pert-josh,M2@bmm,4565,433,7955,1,814,NULL,2419500,2419500,2419500,2419490,LIMIT,BUY,1,510,2019-03-01T04:13:58.101,2019-03-01T04:13:58.108,,04:13:58.101,04:13:58.101,1,750,510,-240,00:04:12,252.445,1
pert-josh,M4@bmm,4567,433,7955,1,814,NULL,2419502,2419502,2419502,2419505,LIMIT,SELL,1,505,2019-03-01T04:13:58.210,2019-03-01T04:14:03.139,,04:13:58.210,04:13:58.210,0,750,#N/A,#N/A,00:04:13,252.554,-1
pert-josh,M7@bmm,4570,433,7955,1,814,NULL,2419504,2419504,2419504,NULL,LIMIT,SELL,2,505,2019-03-01T04:14:02.823,2019-03-01T04:14:02.826,,04:14:02.823,04:14:02.823,0,750,#N/A,#N/A,00:04:17,257.167,-1
pert-josh,M8@bmm,4571,433,7955,1,814,NULL,2419505,2419505,2419505,2419502,LIMIT,BUY,1,505,2019-03-01T04:14:03.132,2019-03-01T04:14:03.139,,04:14:03.132,04:14:03.132,1,750,505,-245,00:04:17,257.476,1
pert-josh,M1@bmm,4564,433,7955,1,814,NULL,2419506,2419506,2419506,NULL,LIMIT,BUY,2,495,2019-03-01T04:14:13.024,2019-03-01T04:14:13.027,,04:14:13.024,04:14:13.024,0,750,#N/A,#N/A,00:04:27,267.368,1
pert-josh,M8@bmm,4571,433,7955,1,814,NULL,2419507,2419507,2419507,2419508,LIMIT,BUY,1,500,2019-03-01T04:14:13.522,2019-03-01T04:14:14.551,,04:14:13.522,04:14:13.522,0,750,#N/A,#N/A,00:04:28,267.866,1
pert-josh,M5@bmm,4568,433,7955,1,814,NULL,2419508,2419508,2419508,2419507,LIMIT,SELL,1,500,2019-03-01T04:14:14.543,2019-03-01T04:14:14.550,,04:14:14.543,04:14:14.543,1,750,500,-250,00:04:29,268.887,-1
pert-josh,M6@bmm,4569,433,7955,1,814,NULL,2419511,2419511,2419511,NULL,LIMIT,BUY,1,400,2019-03-01T04:14:21.719,2019-03-01T04:14:21.721,,04:14:21.719,04:14:21.719,0,750,#N/A,#N/A,00:04:36,276.063,1
pert-josh,M6@bmm,4569,433,7960,2,814,NULL,2419512,2419512,2419512,NULL,LIMIT,SELL,1,1000,2019-03-01T04:15:01.674,2019-03-01T04:15:01.683,,04:15:01.674,04:15:01.674,0,700,#N/A,#N/A,00:05:16,316.018,-1
pert-josh,M3@bmm,4566,433,7960,2,814,NULL,2419515,2419515,2419515,2419517,LIMIT,SELL,1,500,2019-03-01T04:15:10.446,2019-03-01T04:15:11.179,,04:15:10.446,04:15:10.446,0,700,#N/A,#N/A,00:05:25,324.79,-1
pert-josh,M8@bmm,4571,433,7960,2,814,NULL,2419517,2419516,2419516,2419515,LIMIT,BUY,1,500,2019-03-01T04:15:11.176,2019-03-01T04:15:11.180,,04:15:11.176,04:15:11.176,1,700,500,-200,00:05:26,325.52,1
pert-josh,M7@bmm,4570,433,7960,2,814,NULL,2419518,2419518,2419518,NULL,LIMIT,SELL,1,510,2019-03-01T04:15:12.585,2019-03-01T04:15:12.592,,04:15:12.585,04:15:12.585,0,700,#N/A,#N/A,00:05:27,326.929,-1
pert-josh,M4@bmm,4567,433,7960,2,814,NULL,2419520,2419520,2419520,NULL,LIMIT,SELL,1,575,2019-03-01T04:15:14.012,2019-03-01T04:15:14.015,,04:15:14.012,04:15:14.012,0,700,#N/A,#N/A,00:05:28,328.356,-1
pert-josh,M6@bmm,4569,433,7960,2,814,NULL,2419521,2419521,2419521,NULL,LIMIT,BUY,1,400,2019-03-01T04:15:16.263,2019-03-01T04:15:16.266,,04:15:16.263,04:15:16.263,0,700,#N/A,#N/A,00:05:31,330.607,1
pert-josh,M4@bmm,4567,433,7960,2,814,NULL,2419523,2419523,2419523,NULL,LIMIT,BUY,1,480,2019-03-01T04:15:20.768,2019-03-01T04:15:20.771,,04:15:20.768,04:15:20.768,0,700,#N/A,#N/A,00:05:35,335.112,1
pert-josh,M4@bmm,4567,433,7960,2,814,NULL,2419531,2419531,2419531,NULL,LIMIT,SELL,1,505,2019-03-01T04:15:31.208,2019-03-01T04:15:31.211,,04:15:31.208,04:15:31.208,0,700,#N/A,#N/A,00:05:46,345.552,-1
pert-josh,M5@bmm,4568,433,7960,2,814,NULL,2419534,2419534,2419534,2419535,LIMIT,SELL,1,500,2019-03-01T04:15:35.706,2019-03-01T04:15:39.839,,04:15:35.706,04:15:35.706,0,700,#N/A,#N/A,00:05:50,350.05,-1
pert-josh,M6@bmm,4569,433,7960,2,814,NULL,2419535,2419535,2419535,2419534,LIMIT,BUY,1,500,2019-03-01T04:15:39.833,2019-03-01T04:15:39.839,,04:15:39.833,04:15:39.833,1,700,500,-200,00:05:54,354.177,1
pert-josh,M7@bmm,4570,433,7960,2,814,NULL,2419536,2419536,2419536,2419538,LIMIT,BUY,1,500,2019-03-01T04:15:44.809,2019-03-01T04:15:52.594,,04:15:44.809,04:15:44.809,0,700,#N/A,#N/A,00:05:59,359.153,1
pert-josh,M4@bmm,4567,433,7960,2,814,NULL,2419537,2419537,2419537,NULL,LIMIT,BUY,1,490,2019-03-01T04:15:47.432,2019-03-01T04:15:47.435,,04:15:47.432,04:15:47.432,0,700,#N/A,#N/A,00:06:02,361.776,1
pert-josh,M2@bmm,4565,433,7960,2,814,NULL,2419538,2419538,2419538,2419536,LIMIT,SELL,1,500,2019-03-01T04:15:52.588,2019-03-01T04:15:52.594,,04:15:52.588,04:15:52.588,1,700,500,-200,00:06:07,366.932,-1
pert-josh,M4@bmm,4567,433,7960,2,814,NULL,2419539,2419539,2419539,NULL,LIMIT,BUY,1,495,2019-03-01T04:15:52.648,2019-03-01T04:15:52.651,,04:15:52.648,04:15:52.648,0,700,#N/A,#N/A,00:06:07,366.992,1
pert-josh,M7@bmm,4570,433,7960,2,814,NULL,2419540,2419540,2419540,NULL,LIMIT,SELL,1,510,2019-03-01T04:15:54.352,2019-03-01T04:15:54.355,,04:15:54.352,04:15:54.352,0,700,#N/A,#N/A,00:06:09,368.696,-1
pert-josh,M7@bmm,4570,433,7960,2,814,NULL,2419542,2419542,2419542,NULL,LIMIT,SELL,1,505,2019-03-01T04:16:06.403,2019-03-01T04:16:06.405,,04:16:06.403,04:16:06.403,0,700,#N/A,#N/A,00:06:21,380.747,-1
pert-josh,M7@bmm,4570,433,7960,2,814,NULL,2419543,2419543,2419543,2419544,LIMIT,BUY,1,500,2019-03-01T04:16:09.807,2019-03-01T04:16:13.913,,04:16:09.807,04:16:09.807,0,700,#N/A,#N/A,00:06:24,384.151,1
pert-josh,M1@bmm,4564,433,7960,2,814,NULL,2419544,2419544,2419544,2419543,LIMIT,SELL,1,500,2019-03-01T04:16:13.905,2019-03-01T04:16:13.913,,04:16:13.905,04:16:13.905,1,700,500,-200,00:06:28,388.249,-1
pert-josh,M7@bmm,4570,433,7960,2,814,NULL,2419547,2419547,2419547,2419548,LIMIT,BUY,1,500,2019-03-01T04:16:23.221,2019-03-01T04:16:27.384,,04:16:23.221,04:16:23.221,0,700,#N/A,#N/A,00:06:38,397.565,1
pert-josh,M1@bmm,4564,433,7960,2,814,NULL,2419548,2419548,2419548,2419547,LIMIT,SELL,1,500,2019-03-01T04:16:27.366,2019-03-01T04:16:27.384,,04:16:27.366,04:16:27.366,1,700,500,-200,00:06:42,401.71,-1
pert-josh,M3@bmm,4566,433,7960,2,814,NULL,2419551,2419550,2419550,2419552,LIMIT,BUY,1,505,2019-03-01T04:16:30.620,2019-03-01T04:16:30.631,,04:16:30.620,04:16:30.620,0,700,#N/A,#N/A,00:06:45,404.964,1
pert-josh,M1@bmm,4564,433,7960,2,814,NULL,2419552,2419522,2419522,2419551,LIMIT,SELL,1,505,2019-03-01T04:16:30.623,2019-03-01T04:16:30.631,,04:16:30.623,04:16:30.623,1,700,505,-195,00:06:45,404.967,-1
pert-josh,M1@bmm,4564,433,7960,2,814,NULL,2419553,2419522,2419522,2419563,LIMIT,SELL,1,505,2019-03-01T04:15:20.631,2019-03-01T04:16:49.372,,04:15:20.631,04:15:20.631,0,700,#N/A,#N/A,00:05:35,334.975,-1
pert-josh,M4@bmm,4567,433,7960,2,814,NULL,2419554,2419554,2419554,2419556,LIMIT,SELL,1,500,2019-03-01T04:16:33.480,2019-03-01T04:16:36.418,,04:16:33.480,04:16:33.480,0,700,#N/A,#N/A,00:06:48,407.824,-1
pert-josh,M3@bmm,4566,433,7960,2,814,NULL,2419556,2419555,2419555,2419554,LIMIT,BUY,1,500,2019-03-01T04:16:36.414,2019-03-01T04:16:36.418,,04:16:36.414,04:16:36.414,1,700,500,-200,00:06:51,410.758,1
pert-josh,M8@bmm,4571,433,7960,2,814,NULL,2419557,2419557,2419557,2419558,LIMIT,BUY,1,500,2019-03-01T04:16:36.709,2019-03-01T04:16:38.582,,04:16:36.709,04:16:36.709,0,700,#N/A,#N/A,00:06:51,411.053,1
pert-josh,M2@bmm,4565,433,7960,2,814,NULL,2419558,2419558,2419558,2419557,LIMIT,SELL,1,500,2019-03-01T04:16:38.575,2019-03-01T04:16:38.581,,04:16:38.575,04:16:38.575,1,700,500,-200,00:06:53,412.919,-1
pert-josh,M4@bmm,4567,433,7960,2,814,NULL,2419559,2419559,2419559,NULL,LIMIT,BUY,1,495,2019-03-01T04:16:42.275,2019-03-01T04:16:42.277,,04:16:42.275,04:16:42.275,0,700,#N/A,#N/A,00:06:57,416.619,1
pert-josh,M3@bmm,4566,433,7960,2,814,NULL,2419563,2419562,2419562,2419553,LIMIT,BUY,1,505,2019-03-01T04:16:49.368,2019-03-01T04:16:49.372,,04:16:49.368,04:16:49.368,1,700,505,-195,00:07:04,423.712,1
pert-josh,M6@bmm,4569,433,7960,2,814,NULL,2419566,2419565,2419565,2419567,LIMIT,BUY,1,505,2019-03-01T04:16:54.696,2019-03-01T04:16:54.706,,04:16:54.696,04:16:54.696,0,700,#N/A,#N/A,00:07:09,429.04,1
pert-josh,M1@bmm,4564,433,7960,2,814,NULL,2419567,2419526,2419526,2419566,LIMIT,SELL,1,505,2019-03-01T04:16:54.699,2019-03-01T04:16:54.706,,04:16:54.699,04:16:54.699,1,700,505,-195,00:07:09,429.043,-1
pert-josh,M1@bmm,4564,433,7960,2,814,NULL,2419568,2419526,2419526,2419590,LIMIT,SELL,1,505,2019-03-01T04:15:27.163,2019-03-01T04:17:46.377,,04:15:27.163,04:15:27.163,0,700,#N/A,#N/A,00:05:42,341.507,-1
pert-josh,M4@bmm,4567,433,7960,2,814,NULL,2419570,2419570,2419570,NULL,LIMIT,BUY,1,460,2019-03-01T04:17:01.193,2019-03-01T04:17:01.196,,04:17:01.193,04:17:01.193,0,700,#N/A,#N/A,00:07:16,435.537,1
pert-josh,M7@bmm,4570,433,7960,2,814,NULL,2419571,2419571,2419571,NULL,LIMIT,SELL,1,505,2019-03-01T04:17:01.683,2019-03-01T04:17:01.687,,04:17:01.683,04:17:01.683,0,700,#N/A,#N/A,00:07:16,436.027,-1
pert-josh,M3@bmm,4566,433,7960,2,814,NULL,2419572,2419572,2419572,2419574,LIMIT,SELL,1,500,2019-03-01T04:17:02.493,2019-03-01T04:17:05.543,,04:17:02.493,04:17:02.493,0,700,#N/A,#N/A,00:07:17,436.837,-1
pert-josh,M8@bmm,4571,433,7960,2,814,NULL,2419574,2419574,2419574,2419572,LIMIT,BUY,1,500,2019-03-01T04:17:05.536,2019-03-01T04:17:05.543,,04:17:05.536,04:17:05.536,1,700,500,-200,00:07:20,439.88,1
pert-josh,M3@bmm,4566,433,7960,2,814,NULL,2419575,2419575,2419575,2419577,LIMIT,SELL,1,500,2019-03-01T04:17:13.293,2019-03-01T04:17:13.718,,04:17:13.293,04:17:13.293,0,700,#N/A,#N/A,00:07:28,447.637,-1
pert-josh,M7@bmm,4570,433,7960,2,814,NULL,2419576,2419576,2419576,NULL,LIMIT,BUY,1,485,2019-03-01T04:17:13.450,2019-03-01T04:17:13.453,,04:17:13.450,04:17:13.450,0,700,#N/A,#N/A,00:07:28,447.794,1
pert-josh,M1@bmm,4564,433,7960,2,814,NULL,2419577,2419577,2419577,2419575,LIMIT,BUY,1,500,2019-03-01T04:17:13.712,2019-03-01T04:17:13.718,,04:17:13.712,04:17:13.712,1,700,500,-200,00:07:28,448.056,1
pert-josh,M4@bmm,4567,433,7960,2,814,NULL,2419578,2419578,2419578,NULL,LIMIT,SELL,1,505,2019-03-01T04:17:14.801,2019-03-01T04:17:14.803,,04:17:14.801,04:17:14.801,0,700,#N/A,#N/A,00:07:29,449.145,-1
pert-josh,M7@bmm,4570,433,7960,2,814,NULL,2419579,2419579,2419579,NULL,LIMIT,BUY,1,490,2019-03-01T04:17:18.475,2019-03-01T04:17:18.477,,04:17:18.475,04:17:18.475,0,700,#N/A,#N/A,00:07:33,452.819,1
pert-josh,M1@bmm,4564,433,7960,2,814,NULL,2419580,2419580,2419580,2419584,LIMIT,BUY,1,500,2019-03-01T04:17:21.350,2019-03-01T04:17:29.254,,04:17:21.350,04:17:21.350,0,700,#N/A,#N/A,00:07:36,455.694,1
pert-josh,M7@bmm,4570,433,7960,2,814,NULL,2419582,2419582,2419582,NULL,LIMIT,BUY,1,485,2019-03-01T04:17:28.027,2019-03-01T04:17:28.029,,04:17:28.027,04:17:28.027,0,700,#N/A,#N/A,00:07:42,462.371,1
pert-josh,M4@bmm,4567,433,7960,2,814,NULL,2419584,2419584,2419584,2419580,LIMIT,SELL,1,500,2019-03-01T04:17:29.249,2019-03-01T04:17:29.254,,04:17:29.249,04:17:29.249,1,700,500,-200,00:07:44,463.593,-1
pert-josh,M1@bmm,4564,433,7960,2,814,NULL,2419585,2419585,2419585,2419586,LIMIT,BUY,1,500,2019-03-01T04:17:31.728,2019-03-01T04:17:40.809,,04:17:31.728,04:17:31.728,0,700,#N/A,#N/A,00:07:46,466.072,1
pert-josh,M6@bmm,4569,433,7960,2,814,NULL,2419586,2419586,2419586,2419585,LIMIT,SELL,1,500,2019-03-01T04:17:40.802,2019-03-01T04:17:40.809,,04:17:40.802,04:17:40.802,1,700,500,-200,00:07:55,475.146,-1
pert-josh,M4@bmm,4567,433,7960,2,814,NULL,2419587,2419587,2419587,NULL,LIMIT,SELL,1,505,2019-03-01T04:17:41.834,2019-03-01T04:17:41.837,,04:17:41.834,04:17:41.834,0,700,#N/A,#N/A,00:07:56,476.178,-1
pert-josh,M1@bmm,4564,433,7960,2,814,NULL,2419588,2419588,2419588,2419591,LIMIT,BUY,1,500,2019-03-01T04:17:42.695,2019-03-01T04:17:49.932,,04:17:42.695,04:17:42.695,0,700,#N/A,#N/A,00:07:57,477.039,1
pert-josh,M2@bmm,4565,433,7960,2,814,NULL,2419590,2419590,2419590,2419568,LIMIT,BUY,1,505,2019-03-01T04:17:46.372,2019-03-01T04:17:46.377,,04:17:46.372,04:17:46.372,1,700,505,-195,00:08:01,480.716,1
pert-josh,M3@bmm,4566,433,7960,2,814,NULL,2419591,2419591,2419591,2419588,LIMIT,SELL,1,500,2019-03-01T04:17:49.926,2019-03-01T04:17:49.931,,04:17:49.926,04:17:49.926,1,700,500,-200,00:08:04,484.27,-1
pert-josh,M7@bmm,4570,433,7960,2,814,NULL,2419592,2419592,2419592,NULL,LIMIT,SELL,1,505,2019-03-01T04:17:50.627,2019-03-01T04:17:50.629,,04:17:50.627,04:17:50.627,0,700,#N/A,#N/A,00:08:05,484.971,-1
pert-josh,M6@bmm,4569,433,7960,2,814,NULL,2419595,2419595,2419595,2419597,LIMIT,SELL,1,500,2019-03-01T04:18:09.402,2019-03-01T04:18:09.510,,04:18:09.402,04:18:09.402,0,700,#N/A,#N/A,00:08:24,503.746,-1
pert-josh,M2@bmm,4565,433,7960,2,814,NULL,2419597,2419596,2419596,2419595,LIMIT,BUY,1,500,2019-03-01T04:18:09.504,2019-03-01T04:18:09.510,,04:18:09.504,04:18:09.504,1,700,500,-200,00:08:24,503.848,1
pert-josh,M7@bmm,4570,433,7960,2,814,NULL,2419603,2419603,2419603,NULL,LIMIT,SELL,1,515,2019-03-01T04:18:23.122,2019-03-01T04:18:23.124,,04:18:23.122,04:18:23.122,0,700,#N/A,#N/A,00:08:37,517.466,-1
pert-josh,M1@bmm,4564,433,7960,2,814,NULL,2419604,2419604,2419604,2419606,LIMIT,SELL,1,500,2019-03-01T04:18:25.352,2019-03-01T04:18:29.092,,04:18:25.352,04:18:25.352,0,700,#N/A,#N/A,00:08:40,519.696,-1
pert-josh,M4@bmm,4567,433,7960,2,814,NULL,2419605,2419605,2419605,NULL,LIMIT,BUY,1,490,2019-03-01T04:18:25.545,2019-03-01T04:18:25.548,,04:18:25.545,04:18:25.545,0,700,#N/A,#N/A,00:08:40,519.889,1
pert-josh,M6@bmm,4569,433,7960,2,814,NULL,2419606,2419606,2419606,2419604,LIMIT,BUY,1,500,2019-03-01T04:18:29.085,2019-03-01T04:18:29.092,,04:18:29.085,04:18:29.085,1,700,500,-200,00:08:43,523.429,1
pert-josh,M7@bmm,4570,433,7960,2,814,NULL,2419607,2419607,2419607,2419608,LIMIT,SELL,1,500,2019-03-01T04:18:31.954,2019-03-01T04:18:34.757,,04:18:31.954,04:18:31.954,0,700,#N/A,#N/A,00:08:46,526.298,-1
pert-josh,M6@bmm,4569,433,7960,2,814,NULL,2419608,2419608,2419608,2419607,LIMIT,BUY,1,500,2019-03-01T04:18:34.751,2019-03-01T04:18:34.756,,04:18:34.751,04:18:34.751,1,700,500,-200,00:08:49,529.095,1
pert-josh,M3@bmm,4566,433,7960,2,814,NULL,2419609,2419609,2419609,2419612,LIMIT,SELL,1,500,2019-03-01T04:18:35.430,2019-03-01T04:18:43.225,,04:18:35.430,04:18:35.430,0,700,#N/A,#N/A,00:08:50,529.774,-1
pert-josh,M6@bmm,4569,433,7960,2,814,NULL,2419612,2419612,2419612,2419609,LIMIT,BUY,1,500,2019-03-01T04:18:43.219,2019-03-01T04:18:43.224,,04:18:43.219,04:18:43.219,1,700,500,-200,00:08:58,537.563,1
pert-josh,M8@bmm,4571,433,7960,2,814,NULL,2419613,2419613,2419613,2419618,LIMIT,BUY,1,500,2019-03-01T04:18:43.472,2019-03-01T04:18:49.652,,04:18:43.472,04:18:43.472,0,700,#N/A,#N/A,00:08:58,537.816,1
pert-josh,M7@bmm,4570,433,7960,2,814,NULL,2419615,2419615,2419615,NULL,LIMIT,BUY,1,495,2019-03-01T04:18:44.931,2019-03-01T04:18:44.933,,04:18:44.931,04:18:44.931,0,700,#N/A,#N/A,00:08:59,539.275,1
pert-josh,M8@bmm,4571,433,7960,2,814,NULL,2419616,2419616,2419616,2419619,LIMIT,BUY,1,500,2019-03-01T04:18:45.860,2019-03-01T04:19:00.501,,04:18:45.860,04:18:45.860,0,700,#N/A,#N/A,00:09:00,540.204,1
pert-josh,M8@bmm,4571,433,7960,2,814,NULL,2419617,2419617,2419617,2419620,LIMIT,BUY,1,500,2019-03-01T04:18:46.097,2019-03-01T04:19:01.286,,04:18:46.097,04:18:46.097,0,700,#N/A,#N/A,00:09:00,540.441,1
pert-josh,M7@bmm,4570,433,7960,2,814,NULL,2419618,2419618,2419618,2419613,LIMIT,SELL,1,500,2019-03-01T04:18:49.646,2019-03-01T04:18:49.651,,04:18:49.646,04:18:49.646,1,700,500,-200,00:09:04,543.99,-1
pert-josh,M7@bmm,4570,433,7960,2,814,NULL,2419619,2419619,2419619,2419616,LIMIT,SELL,1,500,2019-03-01T04:19:00.493,2019-03-01T04:19:00.500,,04:19:00.493,04:19:00.493,1,700,500,-200,00:09:15,554.837,-1
pert-josh,M1@bmm,4564,433,7960,2,814,NULL,2419620,2419620,2419620,2419617,LIMIT,SELL,1,500,2019-03-01T04:19:01.280,2019-03-01T04:19:01.285,,04:19:01.280,04:19:01.280,1,700,500,-200,00:09:16,555.624,-1
pert-josh,M1@bmm,4564,433,7960,2,814,NULL,2419623,2419623,2419623,2419624,LIMIT,SELL,1,500,2019-03-01T04:19:04.250,2019-03-01T04:19:08.552,,04:19:04.250,04:19:04.250,0,700,#N/A,#N/A,00:09:19,558.594,-1
pert-josh,M5@bmm,4568,433,7960,2,814,NULL,2419624,2419624,2419624,2419623,LIMIT,BUY,1,500,2019-03-01T04:19:08.546,2019-03-01T04:19:08.552,,04:19:08.546,04:19:08.546,1,700,500,-200,00:09:23,562.89,1
pert-josh,M5@bmm,4568,433,7960,2,814,NULL,2419625,2419625,2419625,2419626,LIMIT,SELL,1,500,2019-03-01T04:19:15.859,2019-03-01T04:19:19.656,,04:19:15.859,04:19:15.859,0,700,#N/A,#N/A,00:09:30,570.203,-1
pert-josh,M1@bmm,4564,433,7960,2,814,NULL,2419626,2419626,2419626,2419625,LIMIT,BUY,1,500,2019-03-01T04:19:19.649,2019-03-01T04:19:19.656,,04:19:19.649,04:19:19.649,1,700,500,-200,00:09:34,573.993,1
pert-josh,M3@bmm,4566,433,7960,2,814,NULL,2419627,2419627,2419627,NULL,LIMIT,BUY,1,475,2019-03-01T04:19:20.998,2019-03-01T04:19:21.001,,04:19:20.998,04:19:20.998,0,700,#N/A,#N/A,00:09:35,575.342,1
pert-josh,M4@bmm,4567,433,7960,2,814,NULL,2419628,2419628,2419628,2419629,LIMIT,BUY,1,500,2019-03-01T04:19:21.682,2019-03-01T04:19:29.348,,04:19:21.682,04:19:21.682,0,700,#N/A,#N/A,00:09:36,576.026,1
pert-josh,M7@bmm,4570,433,7960,2,814,NULL,2419629,2419629,2419629,2419628,LIMIT,SELL,1,500,2019-03-01T04:19:29.341,2019-03-01T04:19:29.348,,04:19:29.341,04:19:29.341,1,700,500,-200,00:09:44,583.685,-1
pert-josh,M7@bmm,4570,433,7960,2,814,NULL,2419631,2419631,2419631,2419634,LIMIT,SELL,1,500,2019-03-01T04:19:34.893,2019-03-01T04:19:44.206,,04:19:34.893,04:19:34.893,0,700,#N/A,#N/A,00:09:49,589.237,-1
pert-josh,M6@bmm,4569,433,7960,2,814,NULL,2419634,2419634,2419634,2419631,LIMIT,BUY,1,500,2019-03-01T04:19:44.199,2019-03-01T04:19:44.206,,04:19:44.199,04:19:44.199,1,700,500,-200,00:09:59,598.543,1
pert-josh,M4@bmm,4567,433,7960,2,814,NULL,2419635,2419635,2419635,2419637,LIMIT,BUY,1,500,2019-03-01T04:19:46.126,2019-03-01T04:19:53.889,,04:19:46.126,04:19:46.126,0,700,#N/A,#N/A,00:10:00,600.47,1
pert-josh,M3@bmm,4566,433,7960,2,814,NULL,2419636,2419636,2419636,NULL,LIMIT,SELL,1,510,2019-03-01T04:19:52.464,2019-03-01T04:19:52.466,,04:19:52.464,04:19:52.464,0,700,#N/A,#N/A,00:10:07,606.808,-1
pert-josh,M2@bmm,4565,433,7960,2,814,NULL,2419637,2419637,2419637,2419635,LIMIT,SELL,1,500,2019-03-01T04:19:53.882,2019-03-01T04:19:53.889,,04:19:53.882,04:19:53.882,1,700,500,-200,00:10:08,608.226,-1
pert-josh,M7@bmm,4570,433,7961,3,814,NULL,2419645,2419645,2419645,NULL,LIMIT,BUY,1,495,2019-03-01T04:20:43.426,2019-03-01T04:20:43.429,,04:20:43.426,04:20:43.426,0,650,#N/A,#N/A,00:10:58,657.77,1
pert-josh,M4@bmm,4567,433,7961,3,814,NULL,2419646,2419646,2419646,NULL,LIMIT,BUY,3,495,2019-03-01T04:20:44.278,2019-03-01T04:20:44.281,,04:20:44.278,04:20:44.278,0,650,#N/A,#N/A,00:10:59,658.622,1
pert-josh,M5@bmm,4568,433,7961,3,814,NULL,2419647,2419647,2419647,2419650,LIMIT,SELL,1,505,2019-03-01T04:20:45.315,2019-03-01T04:20:49.165,,04:20:45.315,04:20:45.315,0,650,#N/A,#N/A,00:11:00,659.659,-1
pert-josh,M3@bmm,4566,433,7961,3,814,NULL,2419649,2419649,2419649,NULL,LIMIT,SELL,1,540,2019-03-01T04:20:46.209,2019-03-01T04:20:46.212,,04:20:46.209,04:20:46.209,0,650,#N/A,#N/A,00:11:01,660.553,-1
pert-josh,M2@bmm,4565,433,7961,3,814,NULL,2419650,2419650,2419650,2419647,LIMIT,BUY,1,505,2019-03-01T04:20:49.159,2019-03-01T04:20:49.165,,04:20:49.159,04:20:49.159,1,650,505,-145,00:11:04,663.503,1
pert-josh,M7@bmm,4570,433,7961,3,814,NULL,2419651,2419651,2419651,2419736,LIMIT,SELL,1,505,2019-03-01T04:20:49.893,2019-03-01T04:23:36.960,,04:20:49.893,04:20:49.893,0,650,#N/A,#N/A,00:11:04,664.237,-1
pert-josh,M4@bmm,4567,433,7961,3,814,NULL,2419652,2419652,2419652,2419737,LIMIT,SELL,3,505,2019-03-01T04:20:51.203,2019-03-01T04:23:36.960,,04:20:51.203,04:20:51.203,0,650,#N/A,#N/A,00:11:06,665.547,-1
pert-josh,M7@bmm,4570,433,7961,3,814,NULL,2419653,2419653,2419653,2419655,LIMIT,SELL,1,500,2019-03-01T04:20:51.428,2019-03-01T04:20:53.444,,04:20:51.428,04:20:51.428,0,650,#N/A,#N/A,00:11:06,665.772,-1
pert-josh,M7@bmm,4570,433,7961,3,814,NULL,2419654,2419654,2419654,2419750,LIMIT,SELL,1,505,2019-03-01T04:20:53.238,2019-03-01T04:24:03.734,,04:20:53.238,04:20:53.238,0,650,#N/A,#N/A,00:11:08,667.582,-1
pert-josh,M1@bmm,4564,433,7961,3,814,NULL,2419655,2419655,2419655,2419653,LIMIT,BUY,1,500,2019-03-01T04:20:53.438,2019-03-01T04:20:53.444,,04:20:53.438,04:20:53.438,1,650,500,-150,00:11:08,667.782,1
pert-josh,M3@bmm,4566,433,7961,3,814,NULL,2419659,2419659,2419659,2419666,LIMIT,BUY,1,500,2019-03-01T04:20:58.711,2019-03-01T04:21:09.748,,04:20:58.711,04:20:58.711,0,650,#N/A,#N/A,00:11:13,673.055,1
pert-josh,M1@bmm,4564,433,7961,3,814,NULL,2419666,2419664,2419664,2419659,LIMIT,SELL,1,500,2019-03-01T04:21:09.743,2019-03-01T04:21:09.748,,04:21:09.743,04:21:09.743,1,650,500,-150,00:11:24,684.087,-1
pert-josh,M1@bmm,4564,433,7961,3,814,NULL,2419667,2419664,2419664,2419669,LIMIT,SELL,1,500,2019-03-01T04:21:09.724,2019-03-01T04:21:16.779,,04:21:09.724,04:21:09.724,0,650,#N/A,#N/A,00:11:24,684.068,-1
pert-josh,M7@bmm,4570,433,7961,3,814,NULL,2419668,2419668,2419668,2419679,LIMIT,SELL,1,500,2019-03-01T04:21:16.732,2019-03-01T04:21:31.818,,04:21:16.732,04:21:16.732,0,650,#N/A,#N/A,00:11:31,691.076,-1
pert-josh,M4@bmm,4567,433,7961,3,814,NULL,2419669,2419669,2419669,2419667,LIMIT,BUY,1,500,2019-03-01T04:21:16.773,2019-03-01T04:21:16.778,,04:21:16.773,04:21:16.773,1,650,500,-150,00:11:31,691.117,1
pert-josh,M3@bmm,4566,433,7961,3,814,NULL,2419672,2419672,2419672,2419680,LIMIT,SELL,1,500,2019-03-01T04:21:20.915,2019-03-01T04:21:31.818,,04:21:20.915,04:21:20.915,0,650,#N/A,#N/A,00:11:35,695.259,-1
pert-josh,M1@bmm,4564,433,7961,3,814,NULL,2419673,2419673,2419673,NULL,LIMIT,BUY,2,495,2019-03-01T04:21:20.981,2019-03-01T04:21:20.986,,04:21:20.981,04:21:20.981,0,650,#N/A,#N/A,00:11:35,695.325,1
pert-josh,M1@bmm,4564,433,7961,3,814,NULL,2419674,2419674,2419674,NULL,LIMIT,BUY,2,495,2019-03-01T04:21:21.931,2019-03-01T04:21:21.933,,04:21:21.931,04:21:21.931,0,650,#N/A,#N/A,00:11:36,696.275,1
pert-josh,M4@bmm,4567,433,7961,3,814,NULL,2419676,2419676,2419676,2419751,LIMIT,SELL,1,505,2019-03-01T04:21:25.484,2019-03-01T04:24:03.734,,04:21:25.484,04:21:25.484,0,650,#N/A,#N/A,00:11:40,699.828,-1
pert-josh,M4@bmm,4567,433,7961,3,814,NULL,2419679,2419678,2419678,2419668,LIMIT,BUY,1,500,2019-03-01T04:21:31.811,2019-03-01T04:21:31.818,,04:21:31.811,04:21:31.811,1,650,500,-150,00:11:46,706.155,1
pert-josh,M4@bmm,4567,433,7961,3,814,NULL,2419680,2419678,2419678,2419672,LIMIT,BUY,1,500,2019-03-01T04:21:31.814,2019-03-01T04:21:31.818,,04:21:31.814,04:21:31.814,1,650,500,-150,00:11:46,706.158,1
pert-josh,M5@bmm,4568,433,7961,3,814,NULL,2419681,2419681,2419681,2419683,LIMIT,BUY,1,500,2019-03-01T04:21:32.707,2019-03-01T04:21:36.131,,04:21:32.707,04:21:32.707,0,650,#N/A,#N/A,00:11:47,707.051,1
pert-josh,M4@bmm,4567,433,7961,3,814,NULL,2419682,2419682,2419682,2419752,LIMIT,SELL,2,505,2019-03-01T04:21:34.556,2019-03-01T04:24:03.734,,04:21:34.556,04:21:34.556,0,650,#N/A,#N/A,00:11:49,708.9,-1
pert-josh,M7@bmm,4570,433,7961,3,814,NULL,2419683,2419683,2419683,2419681,LIMIT,SELL,1,500,2019-03-01T04:21:36.124,2019-03-01T04:21:36.131,,04:21:36.124,04:21:36.124,1,650,500,-150,00:11:50,710.468,-1
pert-josh,M1@bmm,4564,433,7961,3,814,NULL,2419685,2419685,2419685,2419699,LIMIT,SELL,2,500,2019-03-01T04:21:37.780,2019-03-01T04:22:04.445,,04:21:37.780,04:21:37.780,0,650,#N/A,#N/A,00:11:52,712.124,-1
pert-josh,M2@bmm,4565,433,7961,3,814,NULL,2419686,2419686,2419686,2419687,LIMIT,BUY,1,500,2019-03-01T04:21:38.056,2019-03-01T04:21:38.067,,04:21:38.056,04:21:38.056,0,650,#N/A,#N/A,00:11:52,712.4,1
pert-josh,M1@bmm,4564,433,7961,3,814,NULL,2419687,2419684,2419684,2419686,LIMIT,SELL,1,500,2019-03-01T04:21:38.061,2019-03-01T04:21:38.067,,04:21:38.061,04:21:38.061,1,650,500,-150,00:11:52,712.405,-1
pert-josh,M1@bmm,4564,433,7961,3,814,NULL,2419688,2419684,2419684,2419695,LIMIT,SELL,1,500,2019-03-01T04:21:36.436,2019-03-01T04:21:58.672,,04:21:36.436,04:21:36.436,0,650,#N/A,#N/A,00:11:51,710.78,-1
pert-josh,M1@bmm,4564,433,7961,3,814,NULL,2419690,2419690,2419690,NULL,LIMIT,BUY,2,495,2019-03-01T04:21:46.357,2019-03-01T04:21:46.360,,04:21:46.357,04:21:46.357,0,650,#N/A,#N/A,00:12:01,720.701,1
pert-josh,M1@bmm,4564,433,7961,3,814,NULL,2419691,2419691,2419691,NULL,LIMIT,BUY,2,495,2019-03-01T04:21:50.031,2019-03-01T04:21:50.034,,04:21:50.031,04:21:50.031,0,650,#N/A,#N/A,00:12:04,724.375,1
pert-josh,M6@bmm,4569,433,7961,3,814,NULL,2419695,2419695,2419695,2419688,LIMIT,BUY,1,500,2019-03-01T04:21:58.665,2019-03-01T04:21:58.672,,04:21:58.665,04:21:58.665,1,650,500,-150,00:12:13,733.009,1
pert-josh,M4@bmm,4567,433,7961,3,814,NULL,2419696,2419696,2419696,NULL,LIMIT,BUY,1,495,2019-03-01T04:22:01.980,2019-03-01T04:22:01.983,,04:22:01.980,04:22:01.980,0,650,#N/A,#N/A,00:12:16,736.324,1
pert-josh,M3@bmm,4566,433,7961,3,814,NULL,2419697,2419697,2419697,2419754,LIMIT,SELL,1,505,2019-03-01T04:22:04.163,2019-03-01T04:24:04.933,,04:22:04.163,04:22:04.163,0,650,#N/A,#N/A,00:12:19,738.507,-1
pert-josh,M8@bmm,4571,433,7961,3,814,NULL,2419699,2419698,2419698,2419685,LIMIT,BUY,2,500,2019-03-01T04:22:04.439,2019-03-01T04:22:04.445,,04:22:04.439,04:22:04.439,1,650,500,-150,00:12:19,738.783,1
pert-josh,M8@bmm,4571,433,7961,3,814,NULL,2419700,2419698,2419698,2419701,LIMIT,BUY,1,500,2019-03-01T04:22:04.432,2019-03-01T04:22:06.547,,04:22:04.432,04:22:04.432,0,650,#N/A,#N/A,00:12:19,738.776,1
pert-josh,M7@bmm,4570,433,7961,3,814,NULL,2419701,2419701,2419701,2419700,LIMIT,SELL,1,500,2019-03-01T04:22:06.541,2019-03-01T04:22:06.546,,04:22:06.541,04:22:06.541,1,650,500,-150,00:12:21,740.885,-1
pert-josh,M7@bmm,4570,433,7961,3,814,NULL,2419703,2419703,2419703,2419755,LIMIT,SELL,1,505,2019-03-01T04:22:28.109,2019-03-01T04:24:04.933,,04:22:28.109,04:22:28.109,0,650,#N/A,#N/A,00:12:42,762.453,-1
pert-josh,M4@bmm,4567,433,7961,3,814,NULL,2419705,2419705,2419705,NULL,LIMIT,BUY,1,495,2019-03-01T04:22:30.821,2019-03-01T04:22:30.823,,04:22:30.821,04:22:30.821,0,650,#N/A,#N/A,00:12:45,765.165,1
pert-josh,M3@bmm,4566,433,7961,3,814,NULL,2419707,2419707,2419707,2419710,LIMIT,SELL,1,500,2019-03-01T04:22:37.243,2019-03-01T04:22:38.166,,04:22:37.243,04:22:37.243,0,650,#N/A,#N/A,00:12:52,771.587,-1
pert-josh,M7@bmm,4570,433,7961,3,814,NULL,2419708,2419708,2419708,2419711,LIMIT,SELL,1,500,2019-03-01T04:22:37.628,2019-03-01T04:22:38.167,,04:22:37.628,04:22:37.628,0,650,#N/A,#N/A,00:12:52,771.972,-1
pert-josh,M8@bmm,4571,433,7961,3,814,NULL,2419710,2419709,2419709,2419707,LIMIT,BUY,1,500,2019-03-01T04:22:38.156,2019-03-01T04:22:38.166,,04:22:38.156,04:22:38.156,1,650,500,-150,00:12:53,772.5,1
pert-josh,M8@bmm,4571,433,7961,3,814,NULL,2419711,2419709,2419709,2419708,LIMIT,BUY,1,500,2019-03-01T04:22:38.160,2019-03-01T04:22:38.167,,04:22:38.160,04:22:38.160,1,650,500,-150,00:12:53,772.504,1
pert-josh,M8@bmm,4571,433,7961,3,814,NULL,2419712,2419709,2419709,2419714,LIMIT,BUY,1,500,2019-03-01T04:22:38.146,2019-03-01T04:22:40.072,,04:22:38.146,04:22:38.146,0,650,#N/A,#N/A,00:12:52,772.49,1
pert-josh,M4@bmm,4567,433,7961,3,814,NULL,2419713,2419713,2419713,2419756,LIMIT,SELL,1,505,2019-03-01T04:22:38.324,2019-03-01T04:24:04.933,,04:22:38.324,04:22:38.324,0,650,#N/A,#N/A,00:12:53,772.668,-1
pert-josh,M2@bmm,4565,433,7961,3,814,NULL,2419714,2419714,2419714,2419712,LIMIT,SELL,1,500,2019-03-01T04:22:40.066,2019-03-01T04:22:40.072,,04:22:40.066,04:22:40.066,1,650,500,-150,00:12:54,774.41,-1
pert-josh,M4@bmm,4567,433,7961,3,814,NULL,2419715,2419715,2419715,2419727,LIMIT,BUY,1,500,2019-03-01T04:22:50.502,2019-03-01T04:23:21.404,,04:22:50.502,04:22:50.502,0,650,#N/A,#N/A,00:13:05,784.846,1
pert-josh,M1@bmm,4564,433,7961,3,814,NULL,2419724,2419724,2419724,NULL,LIMIT,BUY,2,500,2019-03-01T04:23:15.134,2019-03-01T04:23:15.137,,04:23:15.134,04:23:15.134,0,650,#N/A,#N/A,00:13:29,809.478,1
pert-josh,M1@bmm,4564,433,7961,3,814,NULL,2419725,2419725,2419725,NULL,LIMIT,BUY,2,500,2019-03-01T04:23:16.030,2019-03-01T04:23:16.033,,04:23:16.030,04:23:16.030,0,650,#N/A,#N/A,00:13:30,810.374,1
pert-josh,M7@bmm,4570,433,7961,3,814,NULL,2419727,2419727,2419727,2419715,LIMIT,SELL,1,500,2019-03-01T04:23:21.397,2019-03-01T04:23:21.404,,04:23:21.397,04:23:21.397,1,650,500,-150,00:13:36,815.741,-1
pert-josh,M8@bmm,4571,433,7961,3,814,NULL,2419736,2419735,2419735,2419651,LIMIT,BUY,1,505,2019-03-01T04:23:36.952,2019-03-01T04:23:36.960,,04:23:36.952,04:23:36.952,1,650,505,-145,00:13:51,831.296,1
pert-josh,M8@bmm,4571,433,7961,3,814,NULL,2419737,2419735,2419735,2419652,LIMIT,BUY,3,505,2019-03-01T04:23:36.957,2019-03-01T04:23:36.960,,04:23:36.957,04:23:36.957,1,650,505,-145,00:13:51,831.301,1
pert-josh,M2@bmm,4565,433,7961,3,814,NULL,2419740,2419740,2419740,2419741,LIMIT,SELL,1,500,2019-03-01T04:23:42.141,2019-03-01T04:23:42.153,,04:23:42.141,04:23:42.141,0,650,#N/A,#N/A,00:13:56,836.485,-1
pert-josh,M1@bmm,4564,433,7961,3,814,NULL,2419741,2419718,2419718,2419740,LIMIT,BUY,1,500,2019-03-01T04:23:42.147,2019-03-01T04:23:42.153,,04:23:42.147,04:23:42.147,1,650,500,-150,00:13:56,836.491,1
pert-josh,M1@bmm,4564,433,7961,3,814,NULL,2419742,2419718,2419718,NULL,LIMIT,BUY,1,500,2019-03-01T04:22:55.615,2019-03-01T04:23:42.153,,04:22:55.615,04:22:55.615,0,650,#N/A,#N/A,00:13:10,789.959,1
pert-josh,M4@bmm,4567,433,7961,3,814,NULL,2419748,2419748,2419748,NULL,LIMIT,SELL,1,505,2019-03-01T04:24:01.387,2019-03-01T04:24:01.392,,04:24:01.387,04:24:01.387,0,650,#N/A,#N/A,00:14:16,855.731,-1
pert-josh,M8@bmm,4571,433,7961,3,814,NULL,2419750,2419749,2419749,2419654,LIMIT,BUY,1,505,2019-03-01T04:24:03.721,2019-03-01T04:24:03.734,,04:24:03.721,04:24:03.721,1,650,505,-145,00:14:18,858.065,1
pert-josh,M8@bmm,4571,433,7961,3,814,NULL,2419751,2419749,2419749,2419676,LIMIT,BUY,1,505,2019-03-01T04:24:03.725,2019-03-01T04:24:03.734,,04:24:03.725,04:24:03.725,1,650,505,-145,00:14:18,858.069,1
pert-josh,M8@bmm,4571,433,7961,3,814,NULL,2419752,2419749,2419749,2419682,LIMIT,BUY,2,505,2019-03-01T04:24:03.730,2019-03-01T04:24:03.734,,04:24:03.730,04:24:03.730,1,650,505,-145,00:14:18,858.074,1
pert-josh,M8@bmm,4571,433,7961,3,814,NULL,2419754,2419753,2419753,2419697,LIMIT,BUY,1,505,2019-03-01T04:24:04.912,2019-03-01T04:24:04.933,,04:24:04.912,04:24:04.912,1,650,505,-145,00:14:19,859.256,1
pert-josh,M8@bmm,4571,433,7961,3,814,NULL,2419755,2419753,2419753,2419703,LIMIT,BUY,1,505,2019-03-01T04:24:04.915,2019-03-01T04:24:04.933,,04:24:04.915,04:24:04.915,1,650,505,-145,00:14:19,859.259,1
pert-josh,M8@bmm,4571,433,7961,3,814,NULL,2419756,2419753,2419753,2419713,LIMIT,BUY,1,505,2019-03-01T04:24:04.919,2019-03-01T04:24:04.933,,04:24:04.919,04:24:04.919,1,650,505,-145,00:14:19,859.263,1
pert-josh,M8@bmm,4571,433,7961,3,814,NULL,2419757,2419753,2419753,2419758,LIMIT,BUY,1,505,2019-03-01T04:24:04.922,2019-03-01T04:24:04.933,,04:24:04.922,04:24:04.922,0,650,#N/A,#N/A,00:14:19,859.266,1
pert-josh,M4@bmm,4567,433,7961,3,814,NULL,2419758,2419721,2419721,2419757,LIMIT,SELL,1,505,2019-03-01T04:24:04.925,2019-03-01T04:24:04.933,,04:24:04.925,04:24:04.925,1,650,505,-145,00:14:19,859.269,-1
pert-josh,M4@bmm,4567,433,7961,3,814,NULL,2419760,2419760,2419760,NULL,LIMIT,BUY,1,500,2019-03-01T04:24:07.749,2019-03-01T04:24:07.752,,04:24:07.749,04:24:07.749,0,650,#N/A,#N/A,00:14:22,862.093,1
pert-josh,M6@bmm,4569,433,7961,3,814,NULL,2419761,2419761,2419761,2419762,LIMIT,BUY,1,505,2019-03-01T04:24:08.846,2019-03-01T04:24:08.857,,04:24:08.846,04:24:08.846,0,650,#N/A,#N/A,00:14:23,863.19,1
pert-josh,M4@bmm,4567,433,7961,3,814,NULL,2419762,2419721,2419759,2419761,LIMIT,SELL,1,505,2019-03-01T04:24:08.851,2019-03-01T04:24:08.857,,04:24:08.851,04:24:08.851,1,650,505,-145,00:14:23,863.195,-1
pert-josh,M4@bmm,4567,433,7961,3,814,NULL,2419763,2419721,2419759,2419766,LIMIT,SELL,1,505,2019-03-01T04:23:10.240,2019-03-01T04:24:09.529,,04:23:10.240,04:23:10.240,0,650,#N/A,#N/A,00:13:25,804.584,-1
pert-josh,M7@bmm,4570,433,7961,3,814,NULL,2419764,2419764,2419764,NULL,LIMIT,SELL,1,505,2019-03-01T04:24:09.173,2019-03-01T04:24:09.176,,04:24:09.173,04:24:09.173,0,650,#N/A,#N/A,00:14:24,863.517,-1
pert-josh,M8@bmm,4571,433,7961,3,814,NULL,2419766,2419765,2419765,2419763,LIMIT,BUY,1,505,2019-03-01T04:24:09.517,2019-03-01T04:24:09.529,,04:24:09.517,04:24:09.517,1,650,505,-145,00:14:24,863.861,1
pert-josh,M8@bmm,4571,433,7961,3,814,NULL,2419767,2419765,2419765,2419768,LIMIT,BUY,1,505,2019-03-01T04:24:09.520,2019-03-01T04:24:09.529,,04:24:09.520,04:24:09.520,0,650,#N/A,#N/A,00:14:24,863.864,1
pert-josh,M4@bmm,4567,433,7961,3,814,NULL,2419768,2419732,2419732,2419767,LIMIT,SELL,1,505,2019-03-01T04:24:09.523,2019-03-01T04:24:09.529,,04:24:09.523,04:24:09.523,1,650,505,-145,00:14:24,863.867,-1
pert-josh,M4@bmm,4567,433,7961,3,814,NULL,2419769,2419732,2419732,NULL,LIMIT,SELL,2,505,2019-03-01T04:23:32.718,2019-03-01T04:24:09.530,,04:23:32.718,04:23:32.718,0,650,#N/A,#N/A,00:13:47,827.062,-1
pert-josh,M7@bmm,4570,433,7961,3,814,NULL,2419770,2419770,2419770,NULL,LIMIT,SELL,1,505,2019-03-01T04:24:10.445,2019-03-01T04:24:10.447,,04:24:10.445,04:24:10.445,0,650,#N/A,#N/A,00:14:25,864.789,-1
pert-josh,M1@bmm,4564,433,7961,3,814,NULL,2419771,2419771,2419771,NULL,LIMIT,BUY,2,500,2019-03-01T04:24:19.563,2019-03-01T04:24:19.565,,04:24:19.563,04:24:19.563,0,650,#N/A,#N/A,00:14:34,873.907,1
pert-josh,M1@bmm,4564,433,7961,3,814,NULL,2419772,2419772,2419772,NULL,LIMIT,BUY,2,500,2019-03-01T04:24:19.828,2019-03-01T04:24:19.830,,04:24:19.828,04:24:19.828,0,650,#N/A,#N/A,00:14:34,874.172,1
pert-josh,M1@bmm,4564,433,7961,3,814,NULL,2419773,2419773,2419773,NULL,LIMIT,BUY,2,500,2019-03-01T04:24:20.589,2019-03-01T04:24:20.592,,04:24:20.589,04:24:20.589,0,650,#N/A,#N/A,00:14:35,874.933,1
pert-josh,M1@bmm,4564,433,7961,3,814,NULL,2419774,2419774,2419774,NULL,LIMIT,BUY,2,500,2019-03-01T04:24:21.357,2019-03-01T04:24:21.360,,04:24:21.357,04:24:21.357,0,650,#N/A,#N/A,00:14:36,875.701,1
pert-josh,M1@bmm,4564,433,7961,3,814,NULL,2419775,2419775,2419775,NULL,LIMIT,BUY,2,500,2019-03-01T04:24:22.085,2019-03-01T04:24:22.088,,04:24:22.085,04:24:22.085,0,650,#N/A,#N/A,00:14:36,876.429,1
pert-josh,M1@bmm,4564,433,7961,3,814,NULL,2419776,2419776,2419776,NULL,LIMIT,BUY,2,500,2019-03-01T04:24:22.719,2019-03-01T04:24:22.723,,04:24:22.719,04:24:22.719,0,650,#N/A,#N/A,00:14:37,877.063,1
pert-josh,M1@bmm,4564,433,7961,3,814,NULL,2419777,2419777,2419777,NULL,LIMIT,BUY,2,500,2019-03-01T04:24:25.805,2019-03-01T04:24:25.807,,04:24:25.805,04:24:25.805,0,650,#N/A,#N/A,00:14:40,880.149,1
pert-josh,M1@bmm,4564,433,7961,3,814,NULL,2419778,2419778,2419778,NULL,LIMIT,BUY,2,500,2019-03-01T04:24:26.932,2019-03-01T04:24:26.934,,04:24:26.932,04:24:26.932,0,650,#N/A,#N/A,00:14:41,881.276,1
pert-josh,M3@bmm,4566,433,7962,4,814,NULL,2419786,2419786,2419786,2419788,LIMIT,BUY,1,515,2019-03-01T04:25:15.329,2019-03-01T04:25:16.389,,04:25:15.329,04:25:15.329,0,600,#N/A,#N/A,00:15:30,929.673,1
pert-josh,M4@bmm,4567,433,7962,4,814,NULL,2419788,2419787,2419787,2419786,LIMIT,SELL,1,515,2019-03-01T04:25:16.382,2019-03-01T04:25:16.389,,04:25:16.382,04:25:16.382,1,600,515,-85,00:15:31,930.726,-1
pert-josh,M7@bmm,4570,433,7962,4,814,NULL,2419791,2419791,2419791,2419853,LIMIT,SELL,1,510,2019-03-01T04:25:18.342,2019-03-01T04:25:55.138,,04:25:18.342,04:25:18.342,0,600,#N/A,#N/A,00:15:33,932.686,-1
pert-josh,M1@bmm,4564,433,7962,4,814,NULL,2419792,2419792,2419792,2419812,LIMIT,BUY,1,500,2019-03-01T04:25:18.854,2019-03-01T04:25:32.722,,04:25:18.854,04:25:18.854,0,600,#N/A,#N/A,00:15:33,933.198,1
pert-josh,M7@bmm,4570,433,7962,4,814,NULL,2419793,2419793,2419793,2419809,LIMIT,SELL,1,505,2019-03-01T04:25:19.421,2019-03-01T04:25:31.766,,04:25:19.421,04:25:19.421,0,600,#N/A,#N/A,00:15:34,933.765,-1
pert-josh,M7@bmm,4570,433,7962,4,814,NULL,2419794,2419794,2419794,2419810,LIMIT,SELL,1,505,2019-03-01T04:25:20.206,2019-03-01T04:25:31.767,,04:25:20.206,04:25:20.206,0,600,#N/A,#N/A,00:15:35,934.55,-1
pert-josh,M1@bmm,4564,433,7962,4,814,NULL,2419795,2419795,2419795,2419833,LIMIT,BUY,1,500,2019-03-01T04:25:20.831,2019-03-01T04:25:43.967,,04:25:20.831,04:25:20.831,0,600,#N/A,#N/A,00:15:35,935.175,1
pert-josh,M1@bmm,4564,433,7962,4,814,NULL,2419797,2419797,2419797,NULL,LIMIT,BUY,1,500,2019-03-01T04:25:22.861,2019-03-01T04:25:22.864,,04:25:22.861,04:25:22.861,0,600,#N/A,#N/A,00:15:37,937.205,1
pert-josh,M1@bmm,4564,433,7962,4,814,NULL,2419798,2419798,2419798,NULL,LIMIT,BUY,1,500,2019-03-01T04:25:23.782,2019-03-01T04:25:23.785,,04:25:23.782,04:25:23.782,0,600,#N/A,#N/A,00:15:38,938.126,1
pert-josh,M1@bmm,4564,433,7962,4,814,NULL,2419799,2419799,2419799,NULL,LIMIT,BUY,1,500,2019-03-01T04:25:24.983,2019-03-01T04:25:24.986,,04:25:24.983,04:25:24.983,0,600,#N/A,#N/A,00:15:39,939.327,1
pert-josh,M3@bmm,4566,433,7962,4,814,NULL,2419801,2419800,2419800,2419802,LIMIT,BUY,1,505,2019-03-01T04:25:25.159,2019-03-01T04:25:25.168,,04:25:25.159,04:25:25.159,0,600,#N/A,#N/A,00:15:40,939.503,1
pert-josh,M4@bmm,4567,433,7962,4,814,NULL,2419802,2419787,2419789,2419801,LIMIT,SELL,1,505,2019-03-01T04:25:25.162,2019-03-01T04:25:25.168,,04:25:25.162,04:25:25.162,1,600,505,-95,00:15:40,939.506,-1
pert-josh,M4@bmm,4567,433,7962,4,814,NULL,2419803,2419787,2419789,2419808,LIMIT,SELL,1,505,2019-03-01T04:25:16.377,2019-03-01T04:25:31.766,,04:25:16.377,04:25:16.377,0,600,#N/A,#N/A,00:15:31,930.721,-1
pert-josh,M4@bmm,4567,433,7962,4,814,NULL,2419805,2419805,2419805,NULL,LIMIT,BUY,3,500,2019-03-01T04:25:29.022,2019-03-01T04:25:29.025,,04:25:29.022,04:25:29.022,0,600,#N/A,#N/A,00:15:43,943.366,1
pert-josh,M1@bmm,4564,433,7962,4,814,NULL,2419806,2419806,2419806,2419816,LIMIT,SELL,1,505,2019-03-01T04:25:30.509,2019-03-01T04:25:34.606,,04:25:30.509,04:25:30.509,0,600,#N/A,#N/A,00:15:45,944.853,-1
pert-josh,M8@bmm,4571,433,7962,4,814,NULL,2419808,2419807,2419807,2419803,LIMIT,BUY,1,505,2019-03-01T04:25:31.756,2019-03-01T04:25:31.766,,04:25:31.756,04:25:31.756,1,600,505,-95,00:15:46,946.1,1
pert-josh,M8@bmm,4571,433,7962,4,814,NULL,2419809,2419807,2419807,2419793,LIMIT,BUY,1,505,2019-03-01T04:25:31.759,2019-03-01T04:25:31.766,,04:25:31.759,04:25:31.759,1,600,505,-95,00:15:46,946.103,1
pert-josh,M8@bmm,4571,433,7962,4,814,NULL,2419810,2419807,2419807,2419794,LIMIT,BUY,1,505,2019-03-01T04:25:31.763,2019-03-01T04:25:31.767,,04:25:31.763,04:25:31.763,1,600,505,-95,00:15:46,946.107,1
pert-josh,M1@bmm,4564,433,7962,4,814,NULL,2419811,2419811,2419811,2419817,LIMIT,SELL,1,505,2019-03-01T04:25:31.997,2019-03-01T04:25:34.606,,04:25:31.997,04:25:31.997,0,600,#N/A,#N/A,00:15:46,946.341,-1
pert-josh,M7@bmm,4570,433,7962,4,814,NULL,2419812,2419812,2419812,2419792,LIMIT,SELL,1,500,2019-03-01T04:25:32.716,2019-03-01T04:25:32.722,,04:25:32.716,04:25:32.716,1,600,500,-100,00:15:47,947.06,-1
pert-josh,M1@bmm,4564,433,7962,4,814,NULL,2419813,2419813,2419813,2419818,LIMIT,SELL,1,505,2019-03-01T04:25:32.861,2019-03-01T04:25:34.606,,04:25:32.861,04:25:32.861,0,600,#N/A,#N/A,00:15:47,947.205,-1
pert-josh,M4@bmm,4567,433,7962,4,814,NULL,2419814,2419814,2419814,NULL,LIMIT,BUY,3,500,2019-03-01T04:25:34.108,2019-03-01T04:25:34.111,,04:25:34.108,04:25:34.108,0,600,#N/A,#N/A,00:15:48,948.452,1
pert-josh,M8@bmm,4571,433,7962,4,814,NULL,2419816,2419815,2419815,2419806,LIMIT,BUY,1,505,2019-03-01T04:25:34.595,2019-03-01T04:25:34.606,,04:25:34.595,04:25:34.595,1,600,505,-95,00:15:49,948.939,1
pert-josh,M8@bmm,4571,433,7962,4,814,NULL,2419817,2419815,2419815,2419811,LIMIT,BUY,1,505,2019-03-01T04:25:34.599,2019-03-01T04:25:34.606,,04:25:34.599,04:25:34.599,1,600,505,-95,00:15:49,948.943,1
pert-josh,M8@bmm,4571,433,7962,4,814,NULL,2419818,2419815,2419815,2419813,LIMIT,BUY,1,505,2019-03-01T04:25:34.602,2019-03-01T04:25:34.607,,04:25:34.602,04:25:34.602,1,600,505,-95,00:15:49,948.946,1
pert-josh,M7@bmm,4570,433,7962,4,814,NULL,2419819,2419819,2419819,2419821,LIMIT,SELL,1,505,2019-03-01T04:25:37.965,2019-03-01T04:25:39.293,,04:25:37.965,04:25:37.965,0,600,#N/A,#N/A,00:15:52,952.309,-1
pert-josh,M7@bmm,4570,433,7962,4,814,NULL,2419820,2419820,2419820,2419829,LIMIT,SELL,1,505,2019-03-01T04:25:38.636,2019-03-01T04:25:42.956,,04:25:38.636,04:25:38.636,0,600,#N/A,#N/A,00:15:53,952.98,-1
pert-josh,M4@bmm,4567,433,7962,4,814,NULL,2419821,2419821,2419821,2419819,LIMIT,BUY,1,505,2019-03-01T04:25:39.287,2019-03-01T04:25:39.292,,04:25:39.287,04:25:39.287,1,600,505,-95,00:15:54,953.631,1
pert-josh,M7@bmm,4570,433,7962,4,814,NULL,2419823,2419823,2419823,2419830,LIMIT,SELL,1,505,2019-03-01T04:25:40.395,2019-03-01T04:25:42.956,,04:25:40.395,04:25:40.395,0,600,#N/A,#N/A,00:15:55,954.739,-1
pert-josh,M7@bmm,4570,433,7962,4,814,NULL,2419824,2419824,2419824,2419831,LIMIT,SELL,1,505,2019-03-01T04:25:40.648,2019-03-01T04:25:42.956,,04:25:40.648,04:25:40.648,0,600,#N/A,#N/A,00:15:55,954.992,-1
pert-josh,M7@bmm,4570,433,7962,4,814,NULL,2419825,2419825,2419825,2419837,LIMIT,SELL,1,505,2019-03-01T04:25:40.884,2019-03-01T04:25:45.830,,04:25:40.884,04:25:40.884,0,600,#N/A,#N/A,00:15:55,955.228,-1
pert-josh,M7@bmm,4570,433,7962,4,814,NULL,2419826,2419826,2419826,2419843,LIMIT,SELL,1,505,2019-03-01T04:25:41.176,2019-03-01T04:25:48.550,,04:25:41.176,04:25:41.176,0,600,#N/A,#N/A,00:15:56,955.52,-1
pert-josh,M7@bmm,4570,433,7962,4,814,NULL,2419827,2419827,2419827,2419844,LIMIT,SELL,1,505,2019-03-01T04:25:41.725,2019-03-01T04:25:48.793,,04:25:41.725,04:25:41.725,0,600,#N/A,#N/A,00:15:56,956.069,-1
pert-josh,M8@bmm,4571,433,7962,4,814,NULL,2419829,2419828,2419828,2419820,LIMIT,BUY,1,505,2019-03-01T04:25:42.945,2019-03-01T04:25:42.956,,04:25:42.945,04:25:42.945,1,600,505,-95,00:15:57,957.289,1
pert-josh,M8@bmm,4571,433,7962,4,814,NULL,2419830,2419828,2419828,2419823,LIMIT,BUY,1,505,2019-03-01T04:25:42.949,2019-03-01T04:25:42.956,,04:25:42.949,04:25:42.949,1,600,505,-95,00:15:57,957.293,1
pert-josh,M8@bmm,4571,433,7962,4,814,NULL,2419831,2419828,2419828,2419824,LIMIT,BUY,1,505,2019-03-01T04:25:42.952,2019-03-01T04:25:42.956,,04:25:42.952,04:25:42.952,1,600,505,-95,00:15:57,957.296,1
pert-josh,M1@bmm,4564,433,7962,4,814,NULL,2419832,2419832,2419832,NULL,LIMIT,BUY,2,500,2019-03-01T04:25:43.470,2019-03-01T04:25:43.472,,04:25:43.470,04:25:43.470,0,600,#N/A,#N/A,00:15:58,957.814,1
pert-josh,M2@bmm,4565,433,7962,4,814,NULL,2419833,2419833,2419833,2419795,LIMIT,SELL,1,500,2019-03-01T04:25:43.961,2019-03-01T04:25:43.967,,04:25:43.961,04:25:43.961,1,600,500,-100,00:15:58,958.305,-1
pert-josh,M1@bmm,4564,433,7962,4,814,NULL,2419834,2419834,2419834,NULL,LIMIT,BUY,2,500,2019-03-01T04:25:44.311,2019-03-01T04:25:44.313,,04:25:44.311,04:25:44.311,0,600,#N/A,#N/A,00:15:59,958.655,1
pert-josh,M1@bmm,4564,433,7962,4,814,NULL,2419835,2419835,2419835,NULL,LIMIT,BUY,2,500,2019-03-01T04:25:44.965,2019-03-01T04:25:44.968,,04:25:44.965,04:25:44.965,0,600,#N/A,#N/A,00:15:59,959.309,1
pert-josh,M1@bmm,4564,433,7962,4,814,NULL,2419836,2419836,2419836,NULL,LIMIT,BUY,2,500,2019-03-01T04:25:45.484,2019-03-01T04:25:45.487,,04:25:45.484,04:25:45.484,0,600,#N/A,#N/A,00:16:00,959.828,1
pert-josh,M4@bmm,4567,433,7962,4,814,NULL,2419837,2419837,2419837,2419825,LIMIT,BUY,1,505,2019-03-01T04:25:45.822,2019-03-01T04:25:45.829,,04:25:45.822,04:25:45.822,1,600,505,-95,00:16:00,960.166,1
pert-josh,M1@bmm,4564,433,7962,4,814,NULL,2419838,2419838,2419838,NULL,LIMIT,BUY,2,500,2019-03-01T04:25:45.973,2019-03-01T04:25:45.975,,04:25:45.973,04:25:45.973,0,600,#N/A,#N/A,00:16:00,960.317,1
pert-josh,M4@bmm,4567,433,7962,4,814,NULL,2419843,2419843,2419843,2419826,LIMIT,BUY,1,505,2019-03-01T04:25:48.542,2019-03-01T04:25:48.550,,04:25:48.542,04:25:48.542,1,600,505,-95,00:16:03,962.886,1
pert-josh,M4@bmm,4567,433,7962,4,814,NULL,2419844,2419844,2419844,2419827,LIMIT,BUY,1,505,2019-03-01T04:25:48.787,2019-03-01T04:25:48.793,,04:25:48.787,04:25:48.787,1,600,505,-95,00:16:03,963.131,1
pert-josh,M3@bmm,4566,433,7962,4,814,NULL,2419853,2419852,2419852,2419791,LIMIT,BUY,1,510,2019-03-01T04:25:55.135,2019-03-01T04:25:55.139,,04:25:55.135,04:25:55.135,1,600,510,-90,00:16:09,969.479,1
pert-josh,M1@bmm,4564,433,7962,4,814,NULL,2419854,2419854,2419854,NULL,LIMIT,BUY,1,500,2019-03-01T04:25:57.253,2019-03-01T04:25:57.256,,04:25:57.253,04:25:57.253,0,600,#N/A,#N/A,00:16:12,971.597,1
pert-josh,M6@bmm,4569,433,7962,4,814,NULL,2419855,2419855,2419855,2419857,LIMIT,SELL,1,505,2019-03-01T04:25:58.754,2019-03-01T04:25:58.885,,04:25:58.754,04:25:58.754,0,600,#N/A,#N/A,00:16:13,973.098,-1
pert-josh,M7@bmm,4570,433,7962,4,814,NULL,2419857,2419856,2419856,2419855,LIMIT,BUY,1,505,2019-03-01T04:25:58.882,2019-03-01T04:25:58.885,,04:25:58.882,04:25:58.882,1,600,505,-95,00:16:13,973.226,1
pert-josh,M7@bmm,4570,433,7962,4,814,NULL,2419859,2419858,2419858,2419860,LIMIT,BUY,1,510,2019-03-01T04:26:00.362,2019-03-01T04:26:00.371,,04:26:00.362,04:26:00.362,0,600,#N/A,#N/A,00:16:15,974.706,1
pert-josh,M4@bmm,4567,433,7962,4,814,NULL,2419860,2419849,2419849,2419859,LIMIT,SELL,1,510,2019-03-01T04:26:00.364,2019-03-01T04:26:00.371,,04:26:00.364,04:26:00.364,1,600,510,-90,00:16:15,974.708,-1
pert-josh,M4@bmm,4567,433,7962,4,814,NULL,2419862,2419862,2419862,2419869,LIMIT,BUY,1,505,2019-03-01T04:26:01.030,2019-03-01T04:26:10.216,,04:26:01.030,04:26:01.030,0,600,#N/A,#N/A,00:16:15,975.374,1
pert-josh,M3@bmm,4566,433,7962,4,814,NULL,2419863,2419863,2419863,NULL,LIMIT,SELL,1,520,2019-03-01T04:26:04.545,2019-03-01T04:26:04.547,,04:26:04.545,04:26:04.545,0,600,#N/A,#N/A,00:16:19,978.889,-1
pert-josh,M7@bmm,4570,433,7962,4,814,NULL,2419866,2419866,2419866,2419899,LIMIT,SELL,1,510,2019-03-01T04:26:08.276,2019-03-01T04:26:51.311,,04:26:08.276,04:26:08.276,0,600,#N/A,#N/A,00:16:23,982.62,-1
pert-josh,M7@bmm,4570,433,7962,4,814,NULL,2419867,2419867,2419867,2419900,LIMIT,SELL,1,510,2019-03-01T04:26:08.756,2019-03-01T04:26:51.311,,04:26:08.756,04:26:08.756,0,600,#N/A,#N/A,00:16:23,983.1,-1
pert-josh,M2@bmm,4565,433,7962,4,814,NULL,2419869,2419869,2419869,2419862,LIMIT,SELL,1,505,2019-03-01T04:26:10.210,2019-03-01T04:26:10.216,,04:26:10.210,04:26:10.210,1,600,505,-95,00:16:25,984.554,-1
pert-josh,M4@bmm,4567,433,7962,4,814,NULL,2419872,2419872,2419872,NULL,LIMIT,BUY,1,505,2019-03-01T04:26:20.021,2019-03-01T04:26:20.024,,04:26:20.021,04:26:20.021,0,600,#N/A,#N/A,00:16:34,994.365,1
pert-josh,M5@bmm,4568,433,7962,4,814,NULL,2419873,2419873,2419873,2419874,LIMIT,SELL,1,505,2019-03-01T04:26:24.838,2019-03-01T04:26:24.849,,04:26:24.838,04:26:24.838,0,600,#N/A,#N/A,00:16:39,999.182,-1
pert-josh,M4@bmm,4567,433,7962,4,814,NULL,2419874,2419870,2419870,2419873,LIMIT,BUY,1,505,2019-03-01T04:26:24.843,2019-03-01T04:26:24.849,,04:26:24.843,04:26:24.843,1,600,505,-95,00:16:39,999.187,1
pert-josh,M4@bmm,4567,433,7962,4,814,NULL,2419875,2419870,2419870,2419876,LIMIT,BUY,1,505,2019-03-01T04:26:17.446,2019-03-01T04:26:27.275,,04:26:17.446,04:26:17.446,0,600,#N/A,#N/A,00:16:32,991.79,1
pert-josh,M5@bmm,4568,433,7962,4,814,NULL,2419876,2419876,2419876,2419875,LIMIT,SELL,1,505,2019-03-01T04:26:27.269,2019-03-01T04:26:27.275,,04:26:27.269,04:26:27.269,1,600,505,-95,00:16:42,1001.613,-1
pert-josh,M4@bmm,4567,433,7962,4,814,NULL,2419877,2419877,2419877,2419903,LIMIT,SELL,2,510,2019-03-01T04:26:27.357,2019-03-01T04:26:56.172,,04:26:27.357,04:26:27.357,0,600,#N/A,#N/A,00:16:42,1001.701,-1
pert-josh,M1@bmm,4564,433,7962,4,814,NULL,2419883,2419883,2419883,NULL,LIMIT,BUY,1,505,2019-03-01T04:26:42.688,2019-03-01T04:26:42.691,,04:26:42.688,04:26:42.688,0,600,#N/A,#N/A,00:16:57,1017.032,1
pert-josh,M1@bmm,4564,433,7962,4,814,NULL,2419884,2419884,2419884,NULL,LIMIT,BUY,1,505,2019-03-01T04:26:43.400,2019-03-01T04:26:43.403,,04:26:43.400,04:26:43.400,0,600,#N/A,#N/A,00:16:58,1017.744,1
pert-josh,M1@bmm,4564,433,7962,4,814,NULL,2419885,2419885,2419885,NULL,LIMIT,BUY,1,505,2019-03-01T04:26:44.343,2019-03-01T04:26:44.345,,04:26:44.343,04:26:44.343,0,600,#N/A,#N/A,00:16:59,1018.687,1
pert-josh,M1@bmm,4564,433,7962,4,814,NULL,2419886,2419886,2419886,NULL,LIMIT,BUY,1,505,2019-03-01T04:26:44.974,2019-03-01T04:26:44.977,,04:26:44.974,04:26:44.974,0,600,#N/A,#N/A,00:16:59,1019.318,1
pert-josh,M1@bmm,4564,433,7962,4,814,NULL,2419887,2419887,2419887,NULL,LIMIT,BUY,1,505,2019-03-01T04:26:45.552,2019-03-01T04:26:45.555,,04:26:45.552,04:26:45.552,0,600,#N/A,#N/A,00:17:00,1019.896,1
pert-josh,M1@bmm,4564,433,7962,4,814,NULL,2419888,2419888,2419888,NULL,LIMIT,BUY,1,505,2019-03-01T04:26:46.174,2019-03-01T04:26:46.176,,04:26:46.174,04:26:46.174,0,600,#N/A,#N/A,00:17:01,1020.518,1
pert-josh,M1@bmm,4564,433,7962,4,814,NULL,2419889,2419889,2419889,NULL,LIMIT,BUY,1,505,2019-03-01T04:26:46.662,2019-03-01T04:26:46.665,,04:26:46.662,04:26:46.662,0,600,#N/A,#N/A,00:17:01,1021.006,1
pert-josh,M6@bmm,4569,433,7962,4,814,NULL,2419890,2419890,2419890,2419891,LIMIT,BUY,1,510,2019-03-01T04:26:46.734,2019-03-01T04:26:46.748,,04:26:46.734,04:26:46.734,0,600,#N/A,#N/A,00:17:01,1021.078,1
pert-josh,M4@bmm,4567,433,7962,4,814,NULL,2419891,2419849,2419861,2419890,LIMIT,SELL,1,510,2019-03-01T04:26:46.739,2019-03-01T04:26:46.748,,04:26:46.739,04:26:46.739,1,600,510,-90,00:17:01,1021.083,-1
pert-josh,M4@bmm,4567,433,7962,4,814,NULL,2419892,2419849,2419861,2419898,LIMIT,SELL,1,510,2019-03-01T04:25:53.421,2019-03-01T04:26:51.311,,04:25:53.421,04:25:53.421,0,600,#N/A,#N/A,00:16:08,967.765,-1
pert-josh,M8@bmm,4571,433,7962,4,814,NULL,2419898,2419897,2419897,2419892,LIMIT,BUY,1,510,2019-03-01T04:26:51.300,2019-03-01T04:26:51.311,,04:26:51.300,04:26:51.300,1,600,510,-90,00:17:06,1025.644,1
pert-josh,M8@bmm,4571,433,7962,4,814,NULL,2419899,2419897,2419897,2419866,LIMIT,BUY,1,510,2019-03-01T04:26:51.303,2019-03-01T04:26:51.311,,04:26:51.303,04:26:51.303,1,600,510,-90,00:17:06,1025.647,1
pert-josh,M8@bmm,4571,433,7962,4,814,NULL,2419900,2419897,2419897,2419867,LIMIT,BUY,1,510,2019-03-01T04:26:51.307,2019-03-01T04:26:51.311,,04:26:51.307,04:26:51.307,1,600,510,-90,00:17:06,1025.651,1
pert-josh,M3@bmm,4566,433,7962,4,814,NULL,2419901,2419901,2419901,2419904,LIMIT,SELL,1,510,2019-03-01T04:26:54.820,2019-03-01T04:26:56.172,,04:26:54.820,04:26:54.820,0,600,#N/A,#N/A,00:17:09,1029.164,-1
pert-josh,M8@bmm,4571,433,7962,4,814,NULL,2419903,2419902,2419902,2419877,LIMIT,BUY,2,510,2019-03-01T04:26:56.163,2019-03-01T04:26:56.172,,04:26:56.163,04:26:56.163,1,600,510,-90,00:17:11,1030.507,1
pert-josh,M8@bmm,4571,433,7962,4,814,NULL,2419904,2419902,2419902,2419901,LIMIT,BUY,1,510,2019-03-01T04:26:56.166,2019-03-01T04:26:56.172,,04:26:56.166,04:26:56.166,1,600,510,-90,00:17:11,1030.51,1
pert-josh,M4@bmm,4567,433,7962,4,814,NULL,2419907,2419907,2419907,NULL,LIMIT,BUY,2,505,2019-03-01T04:26:59.399,2019-03-01T04:26:59.402,,04:26:59.399,04:26:59.399,0,600,#N/A,#N/A,00:17:14,1033.743,1
pert-josh,M7@bmm,4570,433,7962,4,814,NULL,2419908,2419908,2419908,NULL,LIMIT,BUY,1,505,2019-03-01T04:27:00.550,2019-03-01T04:27:00.553,,04:27:00.550,04:27:00.550,0,600,#N/A,#N/A,00:17:15,1034.894,1
pert-josh,M7@bmm,4570,433,7962,4,814,NULL,2419910,2419910,2419910,NULL,LIMIT,BUY,1,505,2019-03-01T04:27:06.806,2019-03-01T04:27:06.810,,04:27:06.806,04:27:06.806,0,600,#N/A,#N/A,00:17:21,1041.15,1
pert-josh,M4@bmm,4567,433,7962,4,814,NULL,2419913,2419913,2419913,2419914,LIMIT,BUY,1,510,2019-03-01T04:27:18.904,2019-03-01T04:27:21.420,,04:27:18.904,04:27:18.904,0,600,#N/A,#N/A,00:17:33,1053.248,1
pert-josh,M5@bmm,4568,433,7962,4,814,NULL,2419914,2419914,2419914,2419913,LIMIT,SELL,1,510,2019-03-01T04:27:21.414,2019-03-01T04:27:21.420,,04:27:21.414,04:27:21.414,1,600,510,-90,00:17:36,1055.758,-1
pert-josh,M4@bmm,4567,433,7962,4,814,NULL,2419915,2419915,2419915,NULL,LIMIT,SELL,1,515,2019-03-01T04:27:24.759,2019-03-01T04:27:24.762,,04:27:24.759,04:27:24.759,0,600,#N/A,#N/A,00:17:39,1059.103,-1
pert-josh,M4@bmm,4567,433,7962,4,814,NULL,2419917,2419917,2419917,2419923,LIMIT,BUY,1,510,2019-03-01T04:27:33.335,2019-03-01T04:27:46.945,,04:27:33.335,04:27:33.335,0,600,#N/A,#N/A,00:17:48,1067.679,1
pert-josh,M4@bmm,4567,433,7962,4,814,NULL,2419922,2419922,2419922,NULL,LIMIT,SELL,1,515,2019-03-01T04:27:40.808,2019-03-01T04:27:40.811,,04:27:40.808,04:27:40.808,0,600,#N/A,#N/A,00:17:55,1075.152,-1
pert-josh,M3@bmm,4566,433,7962,4,814,NULL,2419923,2419923,2419923,2419917,LIMIT,SELL,1,510,2019-03-01T04:27:46.938,2019-03-01T04:27:46.945,,04:27:46.938,04:27:46.938,1,600,510,-90,00:18:01,1081.282,-1
pert-josh,M4@bmm,4567,433,7962,4,814,NULL,2419935,2419935,2419935,2419937,LIMIT,BUY,1,510,2019-03-01T04:28:05.478,2019-03-01T04:28:13.365,,04:28:05.478,04:28:05.478,0,600,#N/A,#N/A,00:18:20,1099.822,1
pert-josh,M4@bmm,4567,433,7962,4,814,NULL,2419936,2419936,2419936,NULL,LIMIT,SELL,1,515,2019-03-01T04:28:12.944,2019-03-01T04:28:12.948,,04:28:12.944,04:28:12.944,0,600,#N/A,#N/A,00:18:27,1107.288,-1
pert-josh,M1@bmm,4564,433,7962,4,814,NULL,2419937,2419937,2419937,2419935,LIMIT,SELL,1,510,2019-03-01T04:28:13.359,2019-03-01T04:28:13.365,,04:28:13.359,04:28:13.359,1,600,510,-90,00:18:28,1107.703,-1
pert-josh,M4@bmm,4567,433,7962,4,814,NULL,2419939,2419939,2419939,2419943,LIMIT,BUY,1,510,2019-03-01T04:28:18.608,2019-03-01T04:28:31.133,,04:28:18.608,04:28:18.608,0,600,#N/A,#N/A,00:18:33,1112.952,1
pert-josh,M3@bmm,4566,433,7962,4,814,NULL,2419940,2419940,2419940,NULL,LIMIT,BUY,1,500,2019-03-01T04:28:23.363,2019-03-01T04:28:23.365,,04:28:23.363,04:28:23.363,0,600,#N/A,#N/A,00:18:38,1117.707,1
pert-josh,M4@bmm,4567,433,7962,4,814,NULL,2419941,2419941,2419941,NULL,LIMIT,SELL,1,515,2019-03-01T04:28:27.033,2019-03-01T04:28:27.037,,04:28:27.033,04:28:27.033,0,600,#N/A,#N/A,00:18:41,1121.377,-1
pert-josh,M8@bmm,4571,433,7962,4,814,NULL,2419943,2419943,2419943,2419939,LIMIT,SELL,1,510,2019-03-01T04:28:31.127,2019-03-01T04:28:31.133,,04:28:31.127,04:28:31.127,1,600,510,-90,00:18:45,1125.471,-1
pert-josh,M4@bmm,4567,433,7962,4,814,NULL,2419945,2419945,2419945,2419946,LIMIT,BUY,1,510,2019-03-01T04:28:45.505,2019-03-01T04:28:48.117,,04:28:45.505,04:28:45.505,0,600,#N/A,#N/A,00:19:00,1139.849,1
pert-josh,M8@bmm,4571,433,7962,4,814,NULL,2419946,2419946,2419946,2419945,LIMIT,SELL,1,510,2019-03-01T04:28:48.109,2019-03-01T04:28:48.117,,04:28:48.109,04:28:48.109,1,600,510,-90,00:19:02,1142.453,-1
pert-josh,M8@bmm,4571,433,7962,4,814,NULL,2419948,2419948,2419948,NULL,LIMIT,BUY,1,510,2019-03-01T04:28:52.406,2019-03-01T04:28:52.409,,04:28:52.406,04:28:52.406,0,600,#N/A,#N/A,00:19:07,1146.75,1
pert-josh,M8@bmm,4571,433,7962,4,814,NULL,2419949,2419949,2419949,NULL,LIMIT,BUY,1,510,2019-03-01T04:28:52.647,2019-03-01T04:28:52.650,,04:28:52.647,04:28:52.647,0,600,#N/A,#N/A,00:19:07,1146.991,1
pert-josh,M4@bmm,4567,433,7962,4,814,NULL,2419951,2419951,2419951,NULL,LIMIT,SELL,1,515,2019-03-01T04:28:55.362,2019-03-01T04:28:55.365,,04:28:55.362,04:28:55.362,0,600,#N/A,#N/A,00:19:10,1149.706,-1
pert-josh,M4@bmm,4567,433,7963,5,814,NULL,2419954,2419954,2419954,2419974,LIMIT,SELL,1,515,2019-03-01T04:29:42.255,2019-03-01T04:29:55.504,,04:29:42.255,04:29:42.255,0,550,#N/A,#N/A,00:19:57,1196.599,-1
pert-josh,M3@bmm,4566,433,7963,5,814,NULL,2419961,2419961,2419961,NULL,LIMIT,SELL,1,585,2019-03-01T04:29:44.126,2019-03-01T04:29:44.129,,04:29:44.126,04:29:44.126,0,550,#N/A,#N/A,00:19:58,1198.47,-1
pert-josh,M4@bmm,4567,433,7963,5,814,NULL,2419962,2419962,2419962,2420010,LIMIT,SELL,1,525,2019-03-01T04:29:44.464,2019-03-01T04:30:47.588,,04:29:44.464,04:29:44.464,0,550,#N/A,#N/A,00:19:59,1198.808,-1
pert-josh,M3@bmm,4566,433,7963,5,814,NULL,2419974,2419974,2419974,2419954,LIMIT,BUY,1,515,2019-03-01T04:29:55.497,2019-03-01T04:29:55.504,,04:29:55.497,04:29:55.497,1,550,515,-35,00:20:10,1209.841,1
pert-josh,M4@bmm,4567,433,7963,5,814,NULL,2419977,2419977,2419977,2419991,LIMIT,SELL,3,515,2019-03-01T04:30:01.297,2019-03-01T04:30:12.018,,04:30:01.297,04:30:01.297,0,550,#N/A,#N/A,00:20:16,1215.641,-1
pert-josh,M6@bmm,4569,433,7963,5,814,NULL,2419978,2419978,2419978,NULL,LIMIT,SELL,1,605,2019-03-01T04:30:02.831,2019-03-01T04:30:02.834,,04:30:02.831,04:30:02.831,0,550,#N/A,#N/A,00:20:17,1217.175,-1
pert-josh,M6@bmm,4569,433,7963,5,814,NULL,2419982,2419982,2419982,NULL,LIMIT,SELL,1,650,2019-03-01T04:30:07.765,2019-03-01T04:30:07.768,,04:30:07.765,04:30:07.765,0,550,#N/A,#N/A,00:20:22,1222.109,-1
pert-josh,M1@bmm,4564,433,7963,5,814,NULL,2419991,2419990,2419990,2419977,LIMIT,BUY,3,515,2019-03-01T04:30:12.012,2019-03-01T04:30:12.019,,04:30:12.012,04:30:12.012,1,550,515,-35,00:20:26,1226.356,1
pert-josh,M1@bmm,4564,433,7963,5,814,NULL,2419992,2419990,2419990,2419997,LIMIT,BUY,1,515,2019-03-01T04:30:12.006,2019-03-01T04:30:16.802,,04:30:12.006,04:30:12.006,0,550,#N/A,#N/A,00:20:26,1226.35,1
pert-josh,M7@bmm,4570,433,7963,5,814,NULL,2419993,2419993,2419993,NULL,LIMIT,BUY,1,515,2019-03-01T04:30:12.999,2019-03-01T04:30:13.002,,04:30:12.999,04:30:12.999,0,550,#N/A,#N/A,00:20:27,1227.343,1
pert-josh,M6@bmm,4569,433,7963,5,814,NULL,2419995,2419995,2419995,NULL,LIMIT,SELL,1,1000,2019-03-01T04:30:16.785,2019-03-01T04:30:16.788,,04:30:16.785,04:30:16.785,0,550,#N/A,#N/A,00:20:31,1231.129,-1
pert-josh,M3@bmm,4566,433,7963,5,814,NULL,2419997,2419996,2419996,2419992,LIMIT,SELL,1,515,2019-03-01T04:30:16.799,2019-03-01T04:30:16.802,,04:30:16.799,04:30:16.799,1,550,515,-35,00:20:31,1231.143,-1
pert-josh,M7@bmm,4570,433,7963,5,814,NULL,2420004,2420004,2420004,NULL,LIMIT,BUY,1,520,2019-03-01T04:30:35.186,2019-03-01T04:30:35.189,,04:30:35.186,04:30:35.186,0,550,#N/A,#N/A,00:20:50,1249.53,1
pert-josh,M6@bmm,4569,433,7963,5,814,NULL,2420005,2420005,2420005,NULL,LIMIT,SELL,1,600,2019-03-01T04:30:36.077,2019-03-01T04:30:36.080,,04:30:36.077,04:30:36.077,0,550,#N/A,#N/A,00:20:50,1250.421,-1
pert-josh,M4@bmm,4567,433,7963,5,814,NULL,2420006,2420006,2420006,2420011,LIMIT,SELL,2,525,2019-03-01T04:30:36.426,2019-03-01T04:30:47.588,,04:30:36.426,04:30:36.426,0,550,#N/A,#N/A,00:20:51,1250.77,-1
pert-josh,M3@bmm,4566,433,7963,5,814,NULL,2420007,2420007,2420007,2420012,LIMIT,SELL,1,525,2019-03-01T04:30:38.634,2019-03-01T04:30:47.588,,04:30:38.634,04:30:38.634,0,550,#N/A,#N/A,00:20:53,1252.978,-1
pert-josh,M7@bmm,4570,433,7963,5,814,NULL,2420008,2420008,2420008,NULL,LIMIT,BUY,1,520,2019-03-01T04:30:45.229,2019-03-01T04:30:45.232,,04:30:45.229,04:30:45.229,0,550,#N/A,#N/A,00:21:00,1259.573,1
pert-josh,M1@bmm,4564,433,7963,5,814,NULL,2420010,2420009,2420009,2419962,LIMIT,BUY,1,525,2019-03-01T04:30:47.577,2019-03-01T04:30:47.588,,04:30:47.577,04:30:47.577,1,550,525,-25,00:21:02,1261.921,1
pert-josh,M1@bmm,4564,433,7963,5,814,NULL,2420011,2420009,2420009,2420006,LIMIT,BUY,2,525,2019-03-01T04:30:47.581,2019-03-01T04:30:47.588,,04:30:47.581,04:30:47.581,1,550,525,-25,00:21:02,1261.925,1
pert-josh,M1@bmm,4564,433,7963,5,814,NULL,2420012,2420009,2420009,2420007,LIMIT,BUY,1,525,2019-03-01T04:30:47.584,2019-03-01T04:30:47.588,,04:30:47.584,04:30:47.584,1,550,525,-25,00:21:02,1261.928,1
pert-josh,M7@bmm,4570,433,7963,5,814,NULL,2420013,2420013,2420013,NULL,LIMIT,BUY,1,525,2019-03-01T04:30:49.246,2019-03-01T04:30:49.248,,04:30:49.246,04:30:49.246,0,550,#N/A,#N/A,00:21:04,1263.59,1
pert-josh,M6@bmm,4569,433,7963,5,814,NULL,2420035,2420035,2420035,2420036,LIMIT,SELL,1,530,2019-03-01T04:31:06.186,2019-03-01T04:31:06.197,,04:31:06.186,04:31:06.186,0,550,#N/A,#N/A,00:21:21,1280.53,-1
pert-josh,M4@bmm,4567,433,7963,5,814,NULL,2420036,2420028,2420028,2420035,LIMIT,BUY,1,530,2019-03-01T04:31:06.191,2019-03-01T04:31:06.197,,04:31:06.191,04:31:06.191,1,550,530,-20,00:21:21,1280.535,1
pert-josh,M4@bmm,4567,433,7963,5,814,NULL,2420037,2420028,2420028,NULL,LIMIT,BUY,1,530,2019-03-01T04:30:59.562,2019-03-01T04:31:06.198,,04:30:59.562,04:30:59.562,0,550,#N/A,#N/A,00:21:14,1273.906,1
pert-josh,M4@bmm,4567,433,7963,5,814,NULL,2420040,2420040,2420040,2420050,LIMIT,SELL,1,540,2019-03-01T04:31:09.976,2019-03-01T04:31:17.151,,04:31:09.976,04:31:09.976,0,550,#N/A,#N/A,00:21:24,1284.32,-1
pert-josh,M7@bmm,4570,433,7963,5,814,NULL,2420047,2420047,2420047,2420052,LIMIT,BUY,1,535,2019-03-01T04:31:13.777,2019-03-01T04:31:21.210,,04:31:13.777,04:31:13.777,0,550,#N/A,#N/A,00:21:28,1288.121,1
pert-josh,M7@bmm,4570,433,7963,5,814,NULL,2420048,2420048,2420048,NULL,LIMIT,BUY,1,535,2019-03-01T04:31:14.296,2019-03-01T04:31:14.301,,04:31:14.296,04:31:14.296,0,550,#N/A,#N/A,00:21:29,1288.64,1
pert-josh,M7@bmm,4570,433,7963,5,814,NULL,2420050,2420050,2420050,2420040,LIMIT,BUY,1,540,2019-03-01T04:31:17.145,2019-03-01T04:31:17.151,,04:31:17.145,04:31:17.145,1,550,540,-10,00:21:31,1291.489,1
pert-josh,M2@bmm,4565,433,7963,5,814,NULL,2420052,2420052,2420052,2420047,LIMIT,SELL,1,535,2019-03-01T04:31:21.204,2019-03-01T04:31:21.210,,04:31:21.204,04:31:21.204,1,550,535,-15,00:21:36,1295.548,-1
pert-josh,M4@bmm,4567,433,7963,5,814,NULL,2420053,2420053,2420053,NULL,LIMIT,BUY,2,535,2019-03-01T04:31:24.162,2019-03-01T04:31:24.164,,04:31:24.162,04:31:24.162,0,550,#N/A,#N/A,00:21:39,1298.506,1
pert-josh,M3@bmm,4566,433,7963,5,814,NULL,2420055,2420055,2420055,NULL,LIMIT,BUY,1,525,2019-03-01T04:31:26.393,2019-03-01T04:31:26.395,,04:31:26.393,04:31:26.393,0,550,#N/A,#N/A,00:21:41,1300.737,1
pert-josh,M3@bmm,4566,433,7963,5,814,NULL,2420070,2420070,2420070,NULL,LIMIT,SELL,1,560,2019-03-01T04:31:40.477,2019-03-01T04:31:40.480,,04:31:40.477,04:31:40.477,0,550,#N/A,#N/A,00:21:55,1314.821,-1
pert-josh,M4@bmm,4567,433,7963,5,814,NULL,2420074,2420074,2420074,2420081,LIMIT,BUY,2,545,2019-03-01T04:31:45.619,2019-03-01T04:31:57.013,,04:31:45.619,04:31:45.619,0,550,#N/A,#N/A,00:22:00,1319.963,1
pert-josh,M6@bmm,4569,433,7963,5,814,NULL,2420081,2420081,2420081,2420074,LIMIT,SELL,2,545,2019-03-01T04:31:57.006,2019-03-01T04:31:57.013,,04:31:57.006,04:31:57.006,1,550,545,-5,00:22:11,1331.35,-1
pert-josh,M4@bmm,4567,433,7963,5,814,NULL,2420088,2420088,2420088,NULL,LIMIT,SELL,2,555,2019-03-01T04:32:04.957,2019-03-01T04:32:04.960,,04:32:04.957,04:32:04.957,0,550,#N/A,#N/A,00:22:19,1339.301,-1
pert-josh,M3@bmm,4566,433,7963,5,814,NULL,2420089,2420089,2420089,2420106,LIMIT,SELL,1,550,2019-03-01T04:32:07.235,2019-03-01T04:32:27.315,,04:32:07.235,04:32:07.235,0,550,#N/A,#N/A,00:22:22,1341.579,-1
pert-josh,M4@bmm,4567,433,7963,5,814,NULL,2420091,2420091,2420091,NULL,LIMIT,BUY,2,545,2019-03-01T04:32:11.211,2019-03-01T04:32:11.214,,04:32:11.211,04:32:11.211,0,550,#N/A,#N/A,00:22:26,1345.555,1
pert-josh,M7@bmm,4570,433,7963,5,814,NULL,2420102,2420102,2420102,2420103,LIMIT,SELL,1,545,2019-03-01T04:32:21.410,2019-03-01T04:32:21.421,,04:32:21.410,04:32:21.410,0,550,#N/A,#N/A,00:22:36,1355.754,-1
pert-josh,M1@bmm,4564,433,7963,5,814,NULL,2420103,2420077,2420077,2420102,LIMIT,BUY,1,545,2019-03-01T04:32:21.415,2019-03-01T04:32:21.421,,04:32:21.415,04:32:21.415,1,550,545,-5,00:22:36,1355.759,1
pert-josh,M1@bmm,4564,433,7963,5,814,NULL,2420104,2420077,2420077,NULL,LIMIT,BUY,1,545,2019-03-01T04:31:49.293,2019-03-01T04:32:21.421,,04:31:49.293,04:31:49.293,0,550,#N/A,#N/A,00:22:04,1323.637,1
pert-josh,M8@bmm,4571,433,7963,5,814,NULL,2420106,2420106,2420106,2420089,LIMIT,BUY,1,550,2019-03-01T04:32:27.309,2019-03-01T04:32:27.315,,04:32:27.309,04:32:27.309,1,550,550,0,00:22:42,1361.653,1
pert-josh,M8@bmm,4571,433,7963,5,814,NULL,2420107,2420107,2420107,2420109,LIMIT,BUY,1,550,2019-03-01T04:32:27.456,2019-03-01T04:32:27.594,,04:32:27.456,04:32:27.456,0,550,#N/A,#N/A,00:22:42,1361.8,1
pert-josh,M7@bmm,4570,433,7963,5,814,NULL,2420109,2420108,2420108,2420107,LIMIT,SELL,1,550,2019-03-01T04:32:27.590,2019-03-01T04:32:27.594,,04:32:27.590,04:32:27.590,1,550,550,0,00:22:42,1361.934,-1
pert-josh,M8@bmm,4571,433,7963,5,814,NULL,2420110,2420110,2420110,NULL,LIMIT,BUY,1,550,2019-03-01T04:32:27.605,2019-03-01T04:32:27.607,,04:32:27.605,04:32:27.605,0,550,#N/A,#N/A,00:22:42,1361.949,1
pert-josh,M8@bmm,4571,433,7963,5,814,NULL,2420111,2420111,2420111,NULL,LIMIT,BUY,1,550,2019-03-01T04:32:27.751,2019-03-01T04:32:27.753,,04:32:27.751,04:32:27.751,0,550,#N/A,#N/A,00:22:42,1362.095,1
pert-josh,M1@bmm,4564,433,7963,5,814,NULL,2420112,2420112,2420112,NULL,LIMIT,SELL,2,555,2019-03-01T04:32:32.678,2019-03-01T04:32:32.681,,04:32:32.678,04:32:32.678,0,550,#N/A,#N/A,00:22:47,1367.022,-1
pert-josh,M1@bmm,4564,433,7963,5,814,NULL,2420113,2420113,2420113,NULL,LIMIT,SELL,2,555,2019-03-01T04:32:34.486,2019-03-01T04:32:34.489,,04:32:34.486,04:32:34.486,0,550,#N/A,#N/A,00:22:49,1368.83,-1
pert-josh,M1@bmm,4564,433,7968,6,814,NULL,2420116,2420116,2420116,2420181,LIMIT,SELL,1,570,2019-03-01T04:33:14.214,2019-03-01T04:34:03.602,,04:33:14.214,04:33:14.214,0,500,#N/A,#N/A,00:23:29,1408.558,-1
pert-josh,M4@bmm,4567,433,7968,6,814,NULL,2420118,2420118,2420118,2420120,LIMIT,SELL,1,515,2019-03-01T04:33:15.493,2019-03-01T04:33:16.031,,04:33:15.493,04:33:15.493,0,500,#N/A,#N/A,00:23:30,1409.837,-1
pert-josh,M7@bmm,4570,433,7968,6,814,NULL,2420120,2420119,2420119,2420118,LIMIT,BUY,1,515,2019-03-01T04:33:16.027,2019-03-01T04:33:16.031,,04:33:16.027,04:33:16.027,1,500,515,15,00:23:30,1410.371,1
pert-josh,M3@bmm,4566,433,7968,6,814,NULL,2420125,2420125,2420125,NULL,LIMIT,SELL,1,605,2019-03-01T04:33:18.296,2019-03-01T04:33:18.299,,04:33:18.296,04:33:18.296,0,500,#N/A,#N/A,00:23:33,1412.64,-1
pert-josh,M1@bmm,4564,433,7968,6,814,NULL,2420130,2420130,2420130,2420136,LIMIT,BUY,1,560,2019-03-01T04:33:23.445,2019-03-01T04:33:28.670,,04:33:23.445,04:33:23.445,0,500,#N/A,#N/A,00:23:38,1417.789,1
pert-josh,M4@bmm,4567,433,7968,6,814,NULL,2420136,2420135,2420135,2420130,LIMIT,SELL,1,560,2019-03-01T04:33:28.666,2019-03-01T04:33:28.670,,04:33:28.666,04:33:28.666,1,500,560,60,00:23:43,1423.01,-1
pert-josh,M1@bmm,4564,433,7968,6,814,NULL,2420138,2420138,2420138,2420182,LIMIT,SELL,1,570,2019-03-01T04:33:29.886,2019-03-01T04:34:05.146,,04:33:29.886,04:33:29.886,0,500,#N/A,#N/A,00:23:44,1424.23,-1
pert-josh,M1@bmm,4564,433,7968,6,814,NULL,2420139,2420139,2420139,2420184,LIMIT,SELL,1,570,2019-03-01T04:33:30.287,2019-03-01T04:34:12.713,,04:33:30.287,04:33:30.287,0,500,#N/A,#N/A,00:23:45,1424.631,-1
pert-josh,M7@bmm,4570,433,7968,6,814,NULL,2420147,2420147,2420147,2420149,LIMIT,SELL,1,565,2019-03-01T04:33:35.997,2019-03-01T04:33:38.599,,04:33:35.997,04:33:35.997,0,500,#N/A,#N/A,00:23:50,1430.341,-1
pert-josh,M4@bmm,4567,433,7968,6,814,NULL,2420149,2420149,2420149,2420147,LIMIT,BUY,1,565,2019-03-01T04:33:38.593,2019-03-01T04:33:38.599,,04:33:38.593,04:33:38.593,1,500,565,65,00:23:53,1432.937,1
pert-josh,M1@bmm,4564,433,7968,6,814,NULL,2420158,2420158,2420158,2420159,LIMIT,SELL,1,565,2019-03-01T04:33:51.514,2019-03-01T04:33:51.525,,04:33:51.514,04:33:51.514,0,500,#N/A,#N/A,00:24:06,1445.858,-1
pert-josh,M4@bmm,4567,433,7968,6,814,NULL,2420159,2420152,2420152,2420158,LIMIT,BUY,1,565,2019-03-01T04:33:51.519,2019-03-01T04:33:51.525,,04:33:51.519,04:33:51.519,1,500,565,65,00:24:06,1445.863,1
pert-josh,M4@bmm,4567,433,7968,6,814,NULL,2420160,2420152,2420152,2420161,LIMIT,BUY,1,565,2019-03-01T04:33:42.648,2019-03-01T04:33:51.748,,04:33:42.648,04:33:42.648,0,500,#N/A,#N/A,00:23:57,1436.992,1
pert-josh,M1@bmm,4564,433,7968,6,814,NULL,2420161,2420161,2420161,2420160,LIMIT,SELL,1,565,2019-03-01T04:33:51.742,2019-03-01T04:33:51.748,,04:33:51.742,04:33:51.742,1,500,565,65,00:24:06,1446.086,-1
pert-josh,M3@bmm,4566,433,7968,6,814,NULL,2420173,2420173,2420173,2420174,LIMIT,SELL,1,565,2019-03-01T04:33:56.385,2019-03-01T04:33:56.396,,04:33:56.385,04:33:56.385,0,500,#N/A,#N/A,00:24:11,1450.729,-1
pert-josh,M4@bmm,4567,433,7968,6,814,NULL,2420174,2420153,2420153,2420173,LIMIT,BUY,1,565,2019-03-01T04:33:56.390,2019-03-01T04:33:56.396,,04:33:56.390,04:33:56.390,1,500,565,65,00:24:11,1450.734,1
pert-josh,M7@bmm,4570,433,7968,6,814,NULL,2420178,2420178,2420178,2420180,LIMIT,BUY,1,565,2019-03-01T04:34:00.475,2019-03-01T04:34:03.258,,04:34:00.475,04:34:00.475,0,500,#N/A,#N/A,00:24:15,1454.819,1
pert-josh,M2@bmm,4565,433,7968,6,814,NULL,2420180,2420180,2420180,2420178,LIMIT,SELL,1,565,2019-03-01T04:34:03.252,2019-03-01T04:34:03.258,,04:34:03.252,04:34:03.252,1,500,565,65,00:24:18,1457.596,-1
pert-josh,M7@bmm,4570,433,7968,6,814,NULL,2420181,2420181,2420181,2420116,LIMIT,BUY,1,570,2019-03-01T04:34:03.596,2019-03-01T04:34:03.602,,04:34:03.596,04:34:03.596,1,500,570,70,00:24:18,1457.94,1
pert-josh,M7@bmm,4570,433,7968,6,814,NULL,2420182,2420182,2420182,2420138,LIMIT,BUY,1,570,2019-03-01T04:34:05.139,2019-03-01T04:34:05.146,,04:34:05.139,04:34:05.139,1,500,570,70,00:24:19,1459.483,1
pert-josh,M2@bmm,4565,433,7968,6,814,NULL,2420184,2420184,2420184,2420139,LIMIT,BUY,1,570,2019-03-01T04:34:12.707,2019-03-01T04:34:12.713,,04:34:12.707,04:34:12.707,1,500,570,70,00:24:27,1467.051,1
pert-josh,M8@bmm,4571,433,7968,6,814,NULL,2420187,2420186,2420186,2420188,LIMIT,BUY,1,565,2019-03-01T04:34:15.597,2019-03-01T04:34:15.609,,04:34:15.597,04:34:15.597,0,500,#N/A,#N/A,00:24:30,1469.941,1
pert-josh,M4@bmm,4567,433,7968,6,814,NULL,2420188,2420185,2420185,2420187,LIMIT,SELL,1,565,2019-03-01T04:34:15.600,2019-03-01T04:34:15.609,,04:34:15.600,04:34:15.600,1,500,565,65,00:24:30,1469.944,-1
pert-josh,M4@bmm,4567,433,7968,6,814,NULL,2420189,2420185,2420185,2420227,LIMIT,SELL,1,565,2019-03-01T04:34:13.897,2019-03-01T04:35:56.130,,04:34:13.897,04:34:13.897,0,500,#N/A,#N/A,00:24:28,1468.241,-1
pert-josh,M4@bmm,4567,433,7968,6,814,NULL,2420198,2420198,2420198,NULL,LIMIT,SELL,2,565,2019-03-01T04:34:25.738,2019-03-01T04:34:25.740,,04:34:25.738,04:34:25.738,0,500,#N/A,#N/A,00:24:40,1480.082,-1
pert-josh,M1@bmm,4564,433,7968,6,814,NULL,2420199,2420199,2420199,NULL,LIMIT,SELL,2,565,2019-03-01T04:34:25.753,2019-03-01T04:34:25.755,,04:34:25.753,04:34:25.753,0,500,#N/A,#N/A,00:24:40,1480.097,-1
pert-josh,M1@bmm,4564,433,7968,6,814,NULL,2420200,2420200,2420200,NULL,LIMIT,SELL,2,565,2019-03-01T04:34:26.434,2019-03-01T04:34:26.437,,04:34:26.434,04:34:26.434,0,500,#N/A,#N/A,00:24:41,1480.778,-1
pert-josh,M8@bmm,4571,433,7968,6,814,NULL,2420201,2420201,2420201,NULL,LIMIT,BUY,1,540,2019-03-01T04:34:28.530,2019-03-01T04:34:28.533,,04:34:28.530,04:34:28.530,0,500,#N/A,#N/A,00:24:43,1482.874,1
pert-josh,M1@bmm,4564,433,7968,6,814,NULL,2420203,2420203,2420203,NULL,LIMIT,SELL,1,565,2019-03-01T04:34:32.339,2019-03-01T04:34:32.342,,04:34:32.339,04:34:32.339,0,500,#N/A,#N/A,00:24:47,1486.683,-1
pert-josh,M7@bmm,4570,433,7968,6,814,NULL,2420204,2420204,2420204,NULL,LIMIT,SELL,1,565,2019-03-01T04:34:33.420,2019-03-01T04:34:33.423,,04:34:33.420,04:34:33.420,0,500,#N/A,#N/A,00:24:48,1487.764,-1
pert-josh,M3@bmm,4566,433,7968,6,814,NULL,2420207,2420207,2420207,2420208,LIMIT,SELL,1,560,2019-03-01T04:34:41.778,2019-03-01T04:34:41.790,,04:34:41.778,04:34:41.778,0,500,#N/A,#N/A,00:24:56,1496.122,-1
pert-josh,M4@bmm,4567,433,7968,6,814,NULL,2420208,2420176,2420176,2420207,LIMIT,BUY,1,560,2019-03-01T04:34:41.784,2019-03-01T04:34:41.790,,04:34:41.784,04:34:41.784,1,500,560,60,00:24:56,1496.128,1
pert-josh,M4@bmm,4567,433,7968,6,814,NULL,2420209,2420176,2420176,2420212,LIMIT,BUY,1,560,2019-03-01T04:33:58.512,2019-03-01T04:35:06.434,,04:33:58.512,04:33:58.512,0,500,#N/A,#N/A,00:24:13,1452.856,1
pert-josh,M3@bmm,4566,433,7968,6,814,NULL,2420211,2420211,2420211,NULL,LIMIT,SELL,1,565,2019-03-01T04:34:55.881,2019-03-01T04:34:55.884,,04:34:55.881,04:34:55.881,0,500,#N/A,#N/A,00:25:10,1510.225,-1
pert-josh,M2@bmm,4565,433,7968,6,814,NULL,2420212,2420212,2420212,2420209,LIMIT,SELL,1,560,2019-03-01T04:35:06.429,2019-03-01T04:35:06.434,,04:35:06.429,04:35:06.429,1,500,560,60,00:25:21,1520.773,-1
pert-josh,M4@bmm,4567,433,7968,6,814,NULL,2420213,2420213,2420213,2420224,LIMIT,BUY,2,560,2019-03-01T04:35:08.004,2019-03-01T04:35:44.179,,04:35:08.004,04:35:08.004,0,500,#N/A,#N/A,00:25:22,1522.348,1
pert-josh,M4@bmm,4567,433,7968,6,814,NULL,2420217,2420217,2420217,NULL,LIMIT,SELL,2,565,2019-03-01T04:35:20.613,2019-03-01T04:35:20.615,,04:35:20.613,04:35:20.613,0,500,#N/A,#N/A,00:25:35,1534.957,-1
pert-josh,M7@bmm,4570,433,7968,6,814,NULL,2420218,2420218,2420218,2420219,LIMIT,SELL,1,560,2019-03-01T04:35:28.426,2019-03-01T04:35:28.438,,04:35:28.426,04:35:28.426,0,500,#N/A,#N/A,00:25:43,1542.77,-1
pert-josh,M4@bmm,4567,433,7968,6,814,NULL,2420219,2420196,2420196,2420218,LIMIT,BUY,1,560,2019-03-01T04:35:28.431,2019-03-01T04:35:28.438,,04:35:28.431,04:35:28.431,1,500,560,60,00:25:43,1542.775,1
pert-josh,M4@bmm,4567,433,7968,6,814,NULL,2420220,2420196,2420196,2420222,LIMIT,BUY,1,560,2019-03-01T04:34:20.865,2019-03-01T04:35:41.096,,04:34:20.865,04:34:20.865,0,500,#N/A,#N/A,00:24:35,1475.209,1
pert-josh,M3@bmm,4566,433,7968,6,814,NULL,2420222,2420222,2420222,2420220,LIMIT,SELL,1,560,2019-03-01T04:35:41.090,2019-03-01T04:35:41.096,,04:35:41.090,04:35:41.090,1,500,560,60,00:25:55,1555.434,-1
pert-josh,M6@bmm,4569,433,7968,6,814,NULL,2420224,2420224,2420224,2420213,LIMIT,SELL,2,560,2019-03-01T04:35:44.173,2019-03-01T04:35:44.179,,04:35:44.173,04:35:44.173,1,500,560,60,00:25:59,1558.517,-1
pert-josh,M7@bmm,4570,433,7968,6,814,NULL,2420225,2420225,2420225,NULL,LIMIT,BUY,1,555,2019-03-01T04:35:52.043,2019-03-01T04:35:52.045,,04:35:52.043,04:35:52.043,0,500,#N/A,#N/A,00:26:06,1566.387,1
pert-josh,M3@bmm,4566,433,7968,6,814,NULL,2420226,2420226,2420226,NULL,LIMIT,BUY,1,550,2019-03-01T04:35:55.586,2019-03-01T04:35:55.588,,04:35:55.586,04:35:55.586,0,500,#N/A,#N/A,00:26:10,1569.93,1
pert-josh,M2@bmm,4565,433,7968,6,814,NULL,2420227,2420227,2420227,2420189,LIMIT,BUY,1,565,2019-03-01T04:35:56.124,2019-03-01T04:35:56.129,,04:35:56.124,04:35:56.124,1,500,565,65,00:26:10,1570.468,1
pert-josh,M4@bmm,4567,433,7968,6,814,NULL,2420229,2420229,2420229,NULL,LIMIT,BUY,2,560,2019-03-01T04:35:57.688,2019-03-01T04:35:57.691,,04:35:57.688,04:35:57.688,0,500,#N/A,#N/A,00:26:12,1572.032,1
pert-josh,M7@bmm,4570,433,7969,7,814,NULL,2420240,2420240,2420240,2420247,LIMIT,BUY,1,555,2019-03-01T04:36:54.890,2019-03-01T04:36:57.393,,04:36:54.890,04:36:54.890,0,450,#N/A,#N/A,00:27:09,1629.234,1
pert-josh,M7@bmm,4570,433,7969,7,814,NULL,2420243,2420243,2420243,2420248,LIMIT,BUY,1,550,2019-03-01T04:36:55.931,2019-03-01T04:36:57.393,,04:36:55.931,04:36:55.931,0,450,#N/A,#N/A,00:27:10,1630.275,1
pert-josh,M4@bmm,4567,433,7969,7,814,NULL,2420247,2420246,2420246,2420240,LIMIT,SELL,1,555,2019-03-01T04:36:57.386,2019-03-01T04:36:57.393,,04:36:57.386,04:36:57.386,1,450,555,105,00:27:12,1631.73,-1
pert-josh,M4@bmm,4567,433,7969,7,814,NULL,2420248,2420246,2420246,2420243,LIMIT,SELL,1,550,2019-03-01T04:36:57.389,2019-03-01T04:36:57.393,,04:36:57.389,04:36:57.389,1,450,550,100,00:27:12,1631.733,-1
pert-josh,M7@bmm,4570,433,7969,7,814,NULL,2420257,2420257,2420257,NULL,LIMIT,BUY,1,555,2019-03-01T04:37:10.051,2019-03-01T04:37:10.054,,04:37:10.051,04:37:10.051,0,450,#N/A,#N/A,00:27:24,1644.395,1
pert-josh,M7@bmm,4570,433,7969,7,814,NULL,2420258,2420258,2420258,2420260,LIMIT,BUY,1,560,2019-03-01T04:37:12.886,2019-03-01T04:37:15.155,,04:37:12.886,04:37:12.886,0,450,#N/A,#N/A,00:27:27,1647.23,1
pert-josh,M4@bmm,4567,433,7969,7,814,NULL,2420259,2420259,2420259,NULL,LIMIT,BUY,2,555,2019-03-01T04:37:13.762,2019-03-01T04:37:13.765,,04:37:13.762,04:37:13.762,0,450,#N/A,#N/A,00:27:28,1648.106,1
pert-josh,M2@bmm,4565,433,7969,7,814,NULL,2420260,2420260,2420260,2420258,LIMIT,SELL,1,560,2019-03-01T04:37:15.149,2019-03-01T04:37:15.155,,04:37:15.149,04:37:15.149,1,450,560,110,00:27:29,1649.493,-1
pert-josh,M3@bmm,4566,433,7969,7,814,NULL,2420261,2420261,2420261,NULL,LIMIT,SELL,1,575,2019-03-01T04:37:17.500,2019-03-01T04:37:17.503,,04:37:17.500,04:37:17.500,0,450,#N/A,#N/A,00:27:32,1651.844,-1
pert-josh,M4@bmm,4567,433,7969,7,814,NULL,2420264,2420264,2420264,NULL,LIMIT,BUY,1,560,2019-03-01T04:37:24.333,2019-03-01T04:37:24.335,,04:37:24.333,04:37:24.333,0,450,#N/A,#N/A,00:27:39,1658.677,1
pert-josh,M7@bmm,4570,433,7969,7,814,NULL,2420265,2420265,2420265,NULL,LIMIT,SELL,1,570,2019-03-01T04:37:26.572,2019-03-01T04:37:26.575,,04:37:26.572,04:37:26.572,0,450,#N/A,#N/A,00:27:41,1660.916,-1
pert-josh,M4@bmm,4567,433,7969,7,814,NULL,2420266,2420266,2420266,2420310,LIMIT,SELL,1,565,2019-03-01T04:37:26.730,2019-03-01T04:39:02.740,,04:37:26.730,04:37:26.730,0,450,#N/A,#N/A,00:27:41,1661.074,-1
pert-josh,M7@bmm,4570,433,7969,7,814,NULL,2420268,2420268,2420268,2420311,LIMIT,SELL,1,565,2019-03-01T04:37:31.358,2019-03-01T04:39:02.867,,04:37:31.358,04:37:31.358,0,450,#N/A,#N/A,00:27:46,1665.702,-1
pert-josh,M7@bmm,4570,433,7969,7,814,NULL,2420270,2420270,2420270,NULL,LIMIT,SELL,1,570,2019-03-01T04:37:33.053,2019-03-01T04:37:33.056,,04:37:33.053,04:37:33.053,0,450,#N/A,#N/A,00:27:47,1667.397,-1
pert-josh,M4@bmm,4567,433,7969,7,814,NULL,2420274,2420274,2420274,2420315,LIMIT,SELL,1,565,2019-03-01T04:37:37.186,2019-03-01T04:39:16.931,,04:37:37.186,04:37:37.186,0,450,#N/A,#N/A,00:27:52,1671.53,-1
pert-josh,M3@bmm,4566,433,7969,7,814,NULL,2420275,2420275,2420275,NULL,LIMIT,BUY,1,560,2019-03-01T04:37:41.091,2019-03-01T04:37:41.094,,04:37:41.091,04:37:41.091,0,450,#N/A,#N/A,00:27:55,1675.435,1
pert-josh,M3@bmm,4566,433,7969,7,814,NULL,2420280,2420280,2420280,2420281,LIMIT,SELL,1,560,2019-03-01T04:37:53.080,2019-03-01T04:37:53.091,,04:37:53.080,04:37:53.080,0,450,#N/A,#N/A,00:28:07,1687.424,-1
pert-josh,M5@bmm,4568,433,7969,7,814,NULL,2420281,2420263,2420263,2420280,LIMIT,BUY,1,560,2019-03-01T04:37:53.086,2019-03-01T04:37:53.092,,04:37:53.086,04:37:53.086,1,450,560,110,00:28:07,1687.43,1
pert-josh,M7@bmm,4570,433,7969,7,814,NULL,2420285,2420285,2420285,2420316,LIMIT,SELL,1,565,2019-03-01T04:38:07.083,2019-03-01T04:39:16.931,,04:38:07.083,04:38:07.083,0,450,#N/A,#N/A,00:28:21,1701.427,-1
pert-josh,M4@bmm,4567,433,7969,7,814,NULL,2420288,2420288,2420288,NULL,LIMIT,BUY,2,560,2019-03-01T04:38:19.171,2019-03-01T04:38:19.174,,04:38:19.171,04:38:19.171,0,450,#N/A,#N/A,00:28:34,1713.515,1
pert-josh,M2@bmm,4565,433,7969,7,814,NULL,2420290,2420290,2420290,2420291,LIMIT,SELL,1,560,2019-03-01T04:38:24.632,2019-03-01T04:38:24.644,,04:38:24.632,04:38:24.632,0,450,#N/A,#N/A,00:28:39,1718.976,-1
pert-josh,M5@bmm,4568,433,7969,7,814,NULL,2420291,2420263,2420282,2420290,LIMIT,BUY,1,560,2019-03-01T04:38:24.638,2019-03-01T04:38:24.644,,04:38:24.638,04:38:24.638,1,450,560,110,00:28:39,1718.982,1
pert-josh,M5@bmm,4568,433,7969,7,814,NULL,2420292,2420263,2420282,NULL,LIMIT,BUY,3,560,2019-03-01T04:37:20.214,2019-03-01T04:38:24.644,,04:37:20.214,04:37:20.214,0,450,#N/A,#N/A,00:27:35,1654.558,1
pert-josh,M10@bmm,4573,433,7969,7,814,NULL,2420294,2420293,2420293,2420295,LIMIT,BUY,1,565,2019-03-01T04:38:25.992,2019-03-01T04:38:26.001,,04:38:25.992,04:38:25.992,0,450,#N/A,#N/A,00:28:40,1720.336,1
pert-josh,M4@bmm,4567,433,7969,7,814,NULL,2420295,2420256,2420256,2420294,LIMIT,SELL,1,565,2019-03-01T04:38:25.994,2019-03-01T04:38:26.001,,04:38:25.994,04:38:25.994,1,450,565,115,00:28:40,1720.338,-1
pert-josh,M4@bmm,4567,433,7969,7,814,NULL,2420296,2420256,2420256,2420309,LIMIT,SELL,1,565,2019-03-01T04:37:08.252,2019-03-01T04:39:02.598,,04:37:08.252,04:37:08.252,0,450,#N/A,#N/A,00:27:23,1642.596,-1
pert-josh,M3@bmm,4566,433,7969,7,814,NULL,2420297,2420297,2420297,NULL,LIMIT,BUY,1,555,2019-03-01T04:38:27.859,2019-03-01T04:38:27.862,,04:38:27.859,04:38:27.859,0,450,#N/A,#N/A,00:28:42,1722.203,1
pert-josh,M4@bmm,4567,433,7969,7,814,NULL,2420305,2420305,2420305,2420317,LIMIT,SELL,2,565,2019-03-01T04:38:34.283,2019-03-01T04:39:16.932,,04:38:34.283,04:38:34.283,0,450,#N/A,#N/A,00:28:49,1728.627,-1
pert-josh,M4@bmm,4567,433,7969,7,814,NULL,2420308,2420308,2420308,NULL,LIMIT,BUY,1,560,2019-03-01T04:38:41.325,2019-03-01T04:38:41.328,,04:38:41.325,04:38:41.325,0,450,#N/A,#N/A,00:28:56,1735.669,1
pert-josh,M8@bmm,4571,433,7969,7,814,NULL,2420309,2420309,2420309,2420296,LIMIT,BUY,1,565,2019-03-01T04:39:02.590,2019-03-01T04:39:02.598,,04:39:02.590,04:39:02.590,1,450,565,115,00:29:17,1756.934,1
pert-josh,M8@bmm,4571,433,7969,7,814,NULL,2420310,2420310,2420310,2420266,LIMIT,BUY,1,565,2019-03-01T04:39:02.734,2019-03-01T04:39:02.740,,04:39:02.734,04:39:02.734,1,450,565,115,00:29:17,1757.078,1
pert-josh,M8@bmm,4571,433,7969,7,814,NULL,2420311,2420311,2420311,2420268,LIMIT,BUY,1,565,2019-03-01T04:39:02.861,2019-03-01T04:39:02.867,,04:39:02.861,04:39:02.861,1,450,565,115,00:29:17,1757.205,1
pert-josh,M1@bmm,4564,433,7969,7,814,NULL,2420315,2420314,2420314,2420274,LIMIT,BUY,1,565,2019-03-01T04:39:16.921,2019-03-01T04:39:16.931,,04:39:16.921,04:39:16.921,1,450,565,115,00:29:31,1771.265,1
pert-josh,M1@bmm,4564,433,7969,7,814,NULL,2420316,2420314,2420314,2420285,LIMIT,BUY,1,565,2019-03-01T04:39:16.924,2019-03-01T04:39:16.931,,04:39:16.924,04:39:16.924,1,450,565,115,00:29:31,1771.268,1
pert-josh,M1@bmm,4564,433,7969,7,814,NULL,2420317,2420314,2420314,2420305,LIMIT,BUY,2,565,2019-03-01T04:39:16.928,2019-03-01T04:39:16.932,,04:39:16.928,04:39:16.928,1,450,565,115,00:29:31,1771.272,1
pert-josh,M4@bmm,4567,433,7969,7,814,NULL,2420318,2420318,2420318,NULL,LIMIT,BUY,3,560,2019-03-01T04:39:18.637,2019-03-01T04:39:18.639,,04:39:18.637,04:39:18.637,0,450,#N/A,#N/A,00:29:33,1772.981,1
pert-josh,M6@bmm,4569,433,7969,7,814,NULL,2420319,2420319,2420319,NULL,LIMIT,BUY,2,500,2019-03-01T04:39:28.611,2019-03-01T04:39:28.614,,04:39:28.611,04:39:28.611,0,450,#N/A,#N/A,00:29:43,1782.955,1
pert-josh,M7@bmm,4570,433,7969,7,814,NULL,2420322,2420322,2420322,2420323,LIMIT,SELL,1,565,2019-03-01T04:39:36.357,2019-03-01T04:39:36.370,,04:39:36.357,04:39:36.357,0,450,#N/A,#N/A,00:29:51,1790.701,-1
pert-josh,M4@bmm,4567,433,7969,7,814,NULL,2420323,2420320,2420320,2420322,LIMIT,BUY,1,565,2019-03-01T04:39:36.365,2019-03-01T04:39:36.371,,04:39:36.365,04:39:36.365,1,450,565,115,00:29:51,1790.709,1
pert-josh,M4@bmm,4567,433,7969,7,814,NULL,2420324,2420320,2420320,NULL,LIMIT,BUY,1,565,2019-03-01T04:39:29.364,2019-03-01T04:39:36.371,,04:39:29.364,04:39:29.364,0,450,#N/A,#N/A,00:29:44,1783.708,1
pert-josh,M8@bmm,4571,433,7970,8,814,NULL,2420325,2420325,2420325,2420329,LIMIT,SELL,1,530,2019-03-01T04:40:21.188,2019-03-01T04:40:21.955,,04:40:21.188,04:40:21.188,0,400,#N/A,#N/A,00:30:36,1835.532,-1
pert-josh,M8@bmm,4571,433,7970,8,814,NULL,2420326,2420326,2420326,2420332,LIMIT,SELL,1,530,2019-03-01T04:40:21.433,2019-03-01T04:40:22.215,,04:40:21.433,04:40:21.433,0,400,#N/A,#N/A,00:30:36,1835.777,-1
pert-josh,M8@bmm,4571,433,7970,8,814,NULL,2420327,2420327,2420327,2420334,LIMIT,SELL,1,530,2019-03-01T04:40:21.929,2019-03-01T04:40:22.524,,04:40:21.929,04:40:21.929,0,400,#N/A,#N/A,00:30:36,1836.273,-1
pert-josh,M7@bmm,4570,433,7970,8,814,NULL,2420329,2420328,2420328,2420325,LIMIT,BUY,1,530,2019-03-01T04:40:21.946,2019-03-01T04:40:21.955,,04:40:21.946,04:40:21.946,1,400,530,130,00:30:36,1836.29,1
pert-josh,M8@bmm,4571,433,7970,8,814,NULL,2420330,2420330,2420330,2420336,LIMIT,SELL,1,530,2019-03-01T04:40:22.016,2019-03-01T04:40:22.965,,04:40:22.016,04:40:22.016,0,400,#N/A,#N/A,00:30:36,1836.36,-1
pert-josh,M7@bmm,4570,433,7970,8,814,NULL,2420332,2420331,2420331,2420326,LIMIT,BUY,1,530,2019-03-01T04:40:22.211,2019-03-01T04:40:22.215,,04:40:22.211,04:40:22.211,1,400,530,130,00:30:37,1836.555,1
pert-josh,M7@bmm,4570,433,7970,8,814,NULL,2420334,2420333,2420333,2420327,LIMIT,BUY,1,530,2019-03-01T04:40:22.484,2019-03-01T04:40:22.524,,04:40:22.484,04:40:22.484,1,400,530,130,00:30:37,1836.828,1
pert-josh,M7@bmm,4570,433,7970,8,814,NULL,2420336,2420335,2420335,2420330,LIMIT,BUY,1,530,2019-03-01T04:40:22.538,2019-03-01T04:40:22.965,,04:40:22.538,04:40:22.538,1,400,530,130,00:30:37,1836.882,1
pert-josh,M8@bmm,4571,433,7970,8,814,NULL,2420338,2420338,2420338,2420345,LIMIT,SELL,1,530,2019-03-01T04:40:23.094,2019-03-01T04:40:23.491,,04:40:23.094,04:40:23.094,0,400,#N/A,#N/A,00:30:37,1837.438,-1
pert-josh,M6@bmm,4569,433,7970,8,814,NULL,2420339,2420339,2420339,NULL,LIMIT,BUY,1,500,2019-03-01T04:40:23.147,2019-03-01T04:40:23.156,,04:40:23.147,04:40:23.147,0,400,#N/A,#N/A,00:30:37,1837.491,1
pert-josh,M8@bmm,4571,433,7970,8,814,NULL,2420341,2420341,2420341,2420348,LIMIT,SELL,1,530,2019-03-01T04:40:23.235,2019-03-01T04:40:23.639,,04:40:23.235,04:40:23.235,0,400,#N/A,#N/A,00:30:38,1837.579,-1
pert-josh,M8@bmm,4571,433,7970,8,814,NULL,2420342,2420342,2420342,2420350,LIMIT,SELL,1,530,2019-03-01T04:40:23.248,2019-03-01T04:40:23.783,,04:40:23.248,04:40:23.248,0,400,#N/A,#N/A,00:30:38,1837.592,-1
pert-josh,M7@bmm,4570,433,7970,8,814,NULL,2420345,2420344,2420344,2420338,LIMIT,BUY,1,530,2019-03-01T04:40:23.488,2019-03-01T04:40:23.492,,04:40:23.488,04:40:23.488,1,400,530,130,00:30:38,1837.832,1
pert-josh,M7@bmm,4570,433,7970,8,814,NULL,2420348,2420347,2420347,2420341,LIMIT,BUY,1,530,2019-03-01T04:40:23.636,2019-03-01T04:40:23.639,,04:40:23.636,04:40:23.636,1,400,530,130,00:30:38,1837.98,1
pert-josh,M7@bmm,4570,433,7970,8,814,NULL,2420350,2420349,2420349,2420342,LIMIT,BUY,1,530,2019-03-01T04:40:23.779,2019-03-01T04:40:23.783,,04:40:23.779,04:40:23.779,1,400,530,130,00:30:38,1838.123,1
pert-josh,M7@bmm,4570,433,7970,8,814,NULL,2420351,2420351,2420351,2420354,LIMIT,BUY,1,560,2019-03-01T04:40:23.911,2019-03-01T04:40:24.125,,04:40:23.911,04:40:23.911,0,400,#N/A,#N/A,00:30:38,1838.255,1
pert-josh,M7@bmm,4570,433,7970,8,814,NULL,2420352,2420352,2420352,2420355,LIMIT,BUY,1,560,2019-03-01T04:40:24.038,2019-03-01T04:40:24.125,,04:40:24.038,04:40:24.038,0,400,#N/A,#N/A,00:30:38,1838.382,1
pert-josh,M1@bmm,4564,433,7970,8,814,NULL,2420354,2420353,2420353,2420351,LIMIT,SELL,1,560,2019-03-01T04:40:24.117,2019-03-01T04:40:24.125,,04:40:24.117,04:40:24.117,1,400,560,160,00:30:38,1838.461,-1
pert-josh,M1@bmm,4564,433,7970,8,814,NULL,2420355,2420353,2420353,2420352,LIMIT,SELL,1,560,2019-03-01T04:40:24.121,2019-03-01T04:40:24.125,,04:40:24.121,04:40:24.121,1,400,560,160,00:30:38,1838.465,-1
pert-josh,M7@bmm,4570,433,7970,8,814,NULL,2420356,2420356,2420356,2420358,LIMIT,BUY,1,560,2019-03-01T04:40:24.165,2019-03-01T04:40:24.506,,04:40:24.165,04:40:24.165,0,400,#N/A,#N/A,00:30:39,1838.509,1
pert-josh,M1@bmm,4564,433,7970,8,814,NULL,2420358,2420357,2420357,2420356,LIMIT,SELL,1,560,2019-03-01T04:40:24.500,2019-03-01T04:40:24.507,,04:40:24.500,04:40:24.500,1,400,560,160,00:30:39,1838.844,-1
pert-josh,M1@bmm,4564,433,7970,8,814,NULL,2420359,2420357,2420357,2420361,LIMIT,SELL,1,530,2019-03-01T04:40:24.495,2019-03-01T04:40:24.825,,04:40:24.495,04:40:24.495,0,400,#N/A,#N/A,00:30:39,1838.839,-1
pert-josh,M4@bmm,4567,433,7970,8,814,NULL,2420361,2420360,2420360,2420359,LIMIT,BUY,1,530,2019-03-01T04:40:24.821,2019-03-01T04:40:24.826,,04:40:24.821,04:40:24.821,1,400,530,130,00:30:39,1839.165,1
pert-josh,M4@bmm,4567,433,7970,8,814,NULL,2420377,2420377,2420377,NULL,LIMIT,BUY,1,545,2019-03-01T04:40:28.518,2019-03-01T04:40:28.521,,04:40:28.518,04:40:28.518,0,400,#N/A,#N/A,00:30:43,1842.862,1
pert-josh,M4@bmm,4567,433,7970,8,814,NULL,2420385,2420385,2420385,NULL,LIMIT,BUY,3,545,2019-03-01T04:40:32.777,2019-03-01T04:40:32.780,,04:40:32.777,04:40:32.777,0,400,#N/A,#N/A,00:30:47,1847.121,1
pert-josh,M7@bmm,4570,433,7970,8,814,NULL,2420386,2420386,2420386,2420391,LIMIT,SELL,1,560,2019-03-01T04:40:35.375,2019-03-01T04:40:40.735,,04:40:35.375,04:40:35.375,0,400,#N/A,#N/A,00:30:50,1849.719,-1
pert-josh,M7@bmm,4570,433,7970,8,814,NULL,2420387,2420387,2420387,2420428,LIMIT,SELL,1,565,2019-03-01T04:40:36.712,2019-03-01T04:40:51.588,,04:40:36.712,04:40:36.712,0,400,#N/A,#N/A,00:30:51,1851.056,-1
