account,email,owner,marketplace,session,period,market,target,order,original,supplier,consumer,type,side,units,price,createdDate,lastModifiedDate,17. just second,trade,fair value,trade price,mispricing,time mins,time secs,buy/sell
pert-josh,M2@bmm,2,288,6607,1,567,NULL,1285012,1285012,1285012,1285018,LIMIT,SELL,1,515,2018-08-27T00:37:39.463,2018-08-27T00:37:49.232,37:39.5,0,750,#N/A,#N/A,0:00:00,0,-1
pert-josh,M8@bmm,8,288,6607,1,567,NULL,1285013,1285013,1285013,1285144,LIMIT,BUY,5,25,2018-08-27T00:37:41.458,2018-08-27T00:41:25.577,37:41.5,0,750,#N/A,#N/A,0:00:02,1.995,1
pert-josh,M3@bmm,3,288,6607,1,567,NULL,1285014,1285014,1285014,1285029,LIMIT,BUY,1,510,2018-08-27T00:37:45.382,2018-08-27T00:37:56.623,37:45.4,0,750,#N/A,#N/A,0:00:06,5.919,1
pert-josh,M6@bmm,6,288,6607,1,567,NULL,1285015,1285015,1285015,NULL,LIMIT,BUY,3,490,2018-08-27T00:37:48.249,2018-08-27T00:37:48.253,37:48.2,0,750,#N/A,#N/A,0:00:09,8.786,1
pert-josh,M6@bmm,6,288,6607,1,567,NULL,1285016,1285016,1285016,1285112,LIMIT,BUY,3,490,2018-08-27T00:37:48.261,2018-08-27T00:40:08.662,37:48.3,0,750,#N/A,#N/A,0:00:09,8.798,1
pert-josh,M6@bmm,6,288,6607,1,567,NULL,1285017,1285017,1285017,1285082,LIMIT,BUY,3,490,2018-08-27T00:37:48.594,2018-08-27T00:39:07.303,37:48.6,0,750,#N/A,#N/A,0:00:09,9.131,1
pert-josh,M2@bmm,2,288,6607,1,567,NULL,1285018,1285012,1285012,1285012,CANCEL,SELL,1,515,2018-08-27T00:37:49.226,2018-08-27T00:37:49.232,37:49.2,0,750,#N/A,#N/A,0:00:10,9.763,-1
pert-josh,M4@bmm,4,288,6607,1,567,NULL,1285019,1285019,1285019,NULL,LIMIT,SELL,1,755,2018-08-27T00:37:49.917,2018-08-27T00:37:49.921,37:49.9,0,750,#N/A,#N/A,0:00:10,10.454,-1
pert-josh,M2@bmm,2,288,6607,1,567,NULL,1285020,1285020,1285020,1285023,LIMIT,SELL,1,515,2018-08-27T00:37:53.005,2018-08-27T00:37:54.877,37:53.0,0,750,#N/A,#N/A,0:00:14,13.542,-1
pert-josh,M6@bmm,6,288,6607,1,567,NULL,1285021,1285021,1285021,0,LIMIT,SELL,3,515,2018-08-27T00:37:54.240,2018-08-27T00:37:55.739,37:54.2,0,750,#N/A,#N/A,0:00:15,14.777,-1
pert-josh,M4@bmm,4,288,6607,1,567,NULL,1285022,1285022,1285022,0,LIMIT,BUY,1,700,2018-08-27T00:37:54.867,2018-08-27T00:37:54.877,37:54.9,0,750,#N/A,#N/A,0:00:15,15.404,1
pert-josh,M4@bmm,4,288,6607,1,567,NULL,1285023,1285022,1285022,1285020,LIMIT,BUY,1,515,2018-08-27T00:37:54.873,2018-08-27T00:37:54.877,37:54.9,1,750,515,-235,0:00:15,15.41,1
pert-josh,M4@bmm,4,288,6607,1,567,NULL,1285024,1285024,1285024,0,LIMIT,BUY,1,700,2018-08-27T00:37:55.721,2018-08-27T00:37:55.739,37:55.7,0,750,#N/A,#N/A,0:00:16,16.258,1
pert-josh,M4@bmm,4,288,6607,1,567,NULL,1285025,1285024,1285024,1285026,LIMIT,BUY,1,515,2018-08-27T00:37:55.728,2018-08-27T00:37:55.739,37:55.7,0,750,#N/A,#N/A,0:00:16,16.265,1
pert-josh,M6@bmm,6,288,6607,1,567,NULL,1285026,1285021,1285021,1285025,LIMIT,SELL,1,515,2018-08-27T00:37:55.731,2018-08-27T00:37:55.739,37:55.7,1,750,515,-235,0:00:16,16.268,-1
pert-josh,M6@bmm,6,288,6607,1,567,NULL,1285027,1285021,1285021,1285035,LIMIT,SELL,2,515,2018-08-27T00:37:54.240,2018-08-27T00:37:58.784,37:54.2,0,750,#N/A,#N/A,0:00:15,14.777,-1
pert-josh,M6@bmm,6,288,6607,1,567,NULL,1285028,1285028,1285028,0,LIMIT,SELL,3,510,2018-08-27T00:37:56.609,2018-08-27T00:37:56.623,37:56.6,0,750,#N/A,#N/A,0:00:17,17.146,-1
pert-josh,M6@bmm,6,288,6607,1,567,NULL,1285029,1285028,1285028,1285014,LIMIT,SELL,1,510,2018-08-27T00:37:56.616,2018-08-27T00:37:56.623,37:56.6,1,750,510,-240,0:00:17,17.153,-1
pert-josh,M6@bmm,6,288,6607,1,567,NULL,1285030,1285028,1285028,0,LIMIT,SELL,2,510,2018-08-27T00:37:56.609,2018-08-27T00:37:58.706,37:56.6,0,750,#N/A,#N/A,0:00:17,17.146,-1
pert-josh,M4@bmm,4,288,6607,1,567,NULL,1285031,1285031,1285031,0,LIMIT,BUY,1,700,2018-08-27T00:37:58.689,2018-08-27T00:37:58.706,37:58.7,0,750,#N/A,#N/A,0:00:19,19.226,1
pert-josh,M4@bmm,4,288,6607,1,567,NULL,1285032,1285031,1285031,1285033,LIMIT,BUY,1,510,2018-08-27T00:37:58.696,2018-08-27T00:37:58.707,37:58.7,0,750,#N/A,#N/A,0:00:19,19.233,1
pert-josh,M6@bmm,6,288,6607,1,567,NULL,1285033,1285028,1285030,1285032,LIMIT,SELL,1,510,2018-08-27T00:37:58.699,2018-08-27T00:37:58.707,37:58.7,1,750,510,-240,0:00:19,19.236,-1
pert-josh,M6@bmm,6,288,6607,1,567,NULL,1285034,1285028,1285030,1285038,LIMIT,SELL,1,510,2018-08-27T00:37:56.609,2018-08-27T00:37:59.381,37:56.6,0,750,#N/A,#N/A,0:00:17,17.146,-1
pert-josh,M6@bmm,6,288,6607,1,567,NULL,1285035,1285021,1285021,1285027,CANCEL,SELL,2,515,2018-08-27T00:37:58.778,2018-08-27T00:37:58.784,37:58.8,0,750,#N/A,#N/A,0:00:19,19.315,-1
pert-josh,M1@bmm,1,288,6607,1,567,NULL,1285036,1285036,1285036,1285040,LIMIT,SELL,1,525,2018-08-27T00:37:58.791,2018-08-27T00:38:00.037,37:58.8,0,750,#N/A,#N/A,0:00:19,19.328,-1
pert-josh,M4@bmm,4,288,6607,1,567,NULL,1285037,1285037,1285037,0,LIMIT,BUY,1,700,2018-08-27T00:37:59.370,2018-08-27T00:37:59.380,37:59.4,0,750,#N/A,#N/A,0:00:20,19.907,1
pert-josh,M4@bmm,4,288,6607,1,567,NULL,1285038,1285037,1285037,1285034,LIMIT,BUY,1,510,2018-08-27T00:37:59.376,2018-08-27T00:37:59.381,37:59.4,1,750,510,-240,0:00:20,19.913,1
pert-josh,M4@bmm,4,288,6607,1,567,NULL,1285039,1285039,1285039,0,LIMIT,BUY,1,700,2018-08-27T00:38:00.025,2018-08-27T00:38:00.037,38:00.0,0,750,#N/A,#N/A,0:00:21,20.562,1
pert-josh,M4@bmm,4,288,6607,1,567,NULL,1285040,1285039,1285039,1285036,LIMIT,BUY,1,525,2018-08-27T00:38:00.032,2018-08-27T00:38:00.037,38:00.0,1,750,525,-225,0:00:21,20.569,1
pert-josh,M4@bmm,4,288,6607,1,567,NULL,1285041,1285041,1285041,1285043,LIMIT,BUY,1,700,2018-08-27T00:38:01.388,2018-08-27T00:38:03.164,38:01.4,0,750,#N/A,#N/A,0:00:22,21.925,1
pert-josh,M1@bmm,1,288,6607,1,567,NULL,1285042,1285042,1285042,0,LIMIT,SELL,1,525,2018-08-27T00:38:03.153,2018-08-27T00:38:03.164,38:03.2,0,750,#N/A,#N/A,0:00:24,23.69,-1
pert-josh,M1@bmm,1,288,6607,1,567,NULL,1285043,1285042,1285042,1285041,LIMIT,SELL,1,700,2018-08-27T00:38:03.159,2018-08-27T00:38:03.164,38:03.2,1,750,700,-50,0:00:24,23.696,-1
pert-josh,M4@bmm,4,288,6607,1,567,NULL,1285044,1285044,1285044,1285046,LIMIT,BUY,1,700,2018-08-27T00:38:03.642,2018-08-27T00:38:04.661,38:03.6,0,750,#N/A,#N/A,0:00:24,24.179,1
pert-josh,M2@bmm,2,288,6607,1,567,NULL,1285045,1285045,1285045,0,LIMIT,SELL,1,515,2018-08-27T00:38:04.650,2018-08-27T00:38:04.661,38:04.6,0,750,#N/A,#N/A,0:00:25,25.187,-1
pert-josh,M2@bmm,2,288,6607,1,567,NULL,1285046,1285045,1285045,1285044,LIMIT,SELL,1,700,2018-08-27T00:38:04.657,2018-08-27T00:38:04.661,38:04.7,1,750,700,-50,0:00:25,25.194,-1
pert-josh,M3@bmm,3,288,6607,1,567,NULL,1285047,1285047,1285047,1285060,LIMIT,BUY,1,510,2018-08-27T00:38:05.170,2018-08-27T00:38:21.217,38:05.2,0,750,#N/A,#N/A,0:00:26,25.707,1
pert-josh,M4@bmm,4,288,6607,1,567,NULL,1285048,1285048,1285048,1285050,LIMIT,BUY,1,700,2018-08-27T00:38:07.013,2018-08-27T00:38:11.243,38:07.0,0,750,#N/A,#N/A,0:00:28,27.55,1
pert-josh,M6@bmm,6,288,6607,1,567,NULL,1285049,1285049,1285049,0,LIMIT,SELL,3,600,2018-08-27T00:38:11.226,2018-08-27T00:38:11.242,38:11.2,0,750,#N/A,#N/A,0:00:32,31.763,-1
pert-josh,M6@bmm,6,288,6607,1,567,NULL,1285050,1285049,1285049,1285048,LIMIT,SELL,1,700,2018-08-27T00:38:11.232,2018-08-27T00:38:11.243,38:11.2,1,750,700,-50,0:00:32,31.769,-1
pert-josh,M6@bmm,6,288,6607,1,567,NULL,1285051,1285049,1285049,0,LIMIT,SELL,2,600,2018-08-27T00:38:11.226,2018-08-27T00:38:14.380,38:11.2,0,750,#N/A,#N/A,0:00:32,31.763,-1
pert-josh,M1@bmm,1,288,6607,1,567,NULL,1285052,1285052,1285052,1285073,LIMIT,BUY,1,70,2018-08-27T00:38:13.360,2018-08-27T00:38:49.750,38:13.4,0,750,#N/A,#N/A,0:00:34,33.897,1
pert-josh,M4@bmm,4,288,6607,1,567,NULL,1285053,1285053,1285053,0,LIMIT,BUY,1,675,2018-08-27T00:38:14.362,2018-08-27T00:38:14.379,38:14.4,0,750,#N/A,#N/A,0:00:35,34.899,1
pert-josh,M4@bmm,4,288,6607,1,567,NULL,1285054,1285053,1285053,1285055,LIMIT,BUY,1,600,2018-08-27T00:38:14.369,2018-08-27T00:38:14.380,38:14.4,0,750,#N/A,#N/A,0:00:35,34.906,1
pert-josh,M6@bmm,6,288,6607,1,567,NULL,1285055,1285049,1285051,1285054,LIMIT,SELL,1,600,2018-08-27T00:38:14.372,2018-08-27T00:38:14.380,38:14.4,1,750,600,-150,0:00:35,34.909,-1
pert-josh,M6@bmm,6,288,6607,1,567,NULL,1285056,1285049,1285051,1285058,LIMIT,SELL,1,600,2018-08-27T00:38:11.226,2018-08-27T00:38:19.958,38:11.2,0,750,#N/A,#N/A,0:00:32,31.763,-1
pert-josh,M4@bmm,4,288,6607,1,567,NULL,1285057,1285057,1285057,0,LIMIT,BUY,1,675,2018-08-27T00:38:19.946,2018-08-27T00:38:19.958,38:19.9,0,750,#N/A,#N/A,0:00:40,40.483,1
pert-josh,M4@bmm,4,288,6607,1,567,NULL,1285058,1285057,1285057,1285056,LIMIT,BUY,1,600,2018-08-27T00:38:19.954,2018-08-27T00:38:19.958,38:20.0,1,750,600,-150,0:00:40,40.491,1
pert-josh,M6@bmm,6,288,6607,1,567,NULL,1285059,1285059,1285059,0,LIMIT,SELL,3,505,2018-08-27T00:38:21.201,2018-08-27T00:38:21.217,38:21.2,0,750,#N/A,#N/A,0:00:42,41.738,-1
pert-josh,M6@bmm,6,288,6607,1,567,NULL,1285060,1285059,1285059,1285047,LIMIT,SELL,1,510,2018-08-27T00:38:21.209,2018-08-27T00:38:21.217,38:21.2,1,750,510,-240,0:00:42,41.746,-1
pert-josh,M6@bmm,6,288,6607,1,567,NULL,1285061,1285059,1285059,0,LIMIT,SELL,2,505,2018-08-27T00:38:21.201,2018-08-27T00:38:22.618,38:21.2,0,750,#N/A,#N/A,0:00:42,41.738,-1
pert-josh,M4@bmm,4,288,6607,1,567,NULL,1285062,1285062,1285062,0,LIMIT,BUY,1,675,2018-08-27T00:38:22.601,2018-08-27T00:38:22.618,38:22.6,0,750,#N/A,#N/A,0:00:43,43.138,1
pert-josh,M4@bmm,4,288,6607,1,567,NULL,1285063,1285062,1285062,1285064,LIMIT,BUY,1,505,2018-08-27T00:38:22.607,2018-08-27T00:38:22.618,38:22.6,0,750,#N/A,#N/A,0:00:43,43.144,1
pert-josh,M6@bmm,6,288,6607,1,567,NULL,1285064,1285059,1285061,1285063,LIMIT,SELL,1,505,2018-08-27T00:38:22.610,2018-08-27T00:38:22.618,38:22.6,1,750,505,-245,0:00:43,43.147,-1
pert-josh,M6@bmm,6,288,6607,1,567,NULL,1285065,1285059,1285061,1285066,LIMIT,SELL,1,505,2018-08-27T00:38:21.201,2018-08-27T00:38:25.014,38:21.2,0,750,#N/A,#N/A,0:00:42,41.738,-1
pert-josh,M7@bmm,7,288,6607,1,567,NULL,1285066,1285066,1285066,1285065,LIMIT,BUY,1,505,2018-08-27T00:38:25.006,2018-08-27T00:38:25.014,38:25.0,1,750,505,-245,0:00:46,45.543,1
pert-josh,M2@bmm,2,288,6607,1,567,NULL,1285067,1285067,1285067,1285107,LIMIT,BUY,1,500,2018-08-27T00:38:39.179,2018-08-27T00:39:53.801,38:39.2,0,750,#N/A,#N/A,0:01:00,59.716,1
pert-josh,M1@bmm,1,288,6607,1,567,NULL,1285068,1285068,1285068,1285070,LIMIT,SELL,1,515,2018-08-27T00:38:44.225,2018-08-27T00:38:45.461,38:44.2,0,750,#N/A,#N/A,0:01:05,64.762,-1
pert-josh,M4@bmm,4,288,6607,1,567,NULL,1285069,1285069,1285069,0,LIMIT,BUY,1,635,2018-08-27T00:38:45.442,2018-08-27T00:38:45.461,38:45.4,0,750,#N/A,#N/A,0:01:06,65.979,1
pert-josh,M4@bmm,4,288,6607,1,567,NULL,1285070,1285069,1285069,1285068,LIMIT,BUY,1,515,2018-08-27T00:38:45.454,2018-08-27T00:38:45.461,38:45.5,1,750,515,-235,0:01:06,65.991,1
pert-josh,M2@bmm,2,288,6607,1,567,NULL,1285071,1285071,1285071,1285075,LIMIT,BUY,1,500,2018-08-27T00:38:47.795,2018-08-27T00:38:53.623,38:47.8,0,750,#N/A,#N/A,0:01:08,68.332,1
pert-josh,M3@bmm,3,288,6607,1,567,NULL,1285072,1285072,1285072,1285141,LIMIT,BUY,1,505,2018-08-27T00:38:48.271,2018-08-27T00:41:22.424,38:48.3,0,750,#N/A,#N/A,0:01:09,68.808,1
pert-josh,M1@bmm,1,288,6607,1,567,NULL,1285073,1285052,1285052,1285052,CANCEL,BUY,1,70,2018-08-27T00:38:49.743,2018-08-27T00:38:49.749,38:49.7,0,750,#N/A,#N/A,0:01:10,70.28,1
pert-josh,M6@bmm,6,288,6607,1,567,NULL,1285074,1285074,1285074,1285081,LIMIT,BUY,3,495,2018-08-27T00:38:53.498,2018-08-27T00:39:05.740,38:53.5,0,750,#N/A,#N/A,0:01:14,74.035,1
pert-josh,M2@bmm,2,288,6607,1,567,NULL,1285075,1285071,1285071,1285071,CANCEL,BUY,1,500,2018-08-27T00:38:53.617,2018-08-27T00:38:53.623,38:53.6,0,750,#N/A,#N/A,0:01:14,74.154,1
pert-josh,M4@bmm,4,288,6607,1,567,NULL,1285076,1285076,1285076,1285091,LIMIT,BUY,1,635,2018-08-27T00:38:54.561,2018-08-27T00:39:27.094,38:54.6,0,750,#N/A,#N/A,0:01:15,75.098,1
pert-josh,M2@bmm,2,288,6607,1,567,NULL,1285077,1285077,1285077,1285085,LIMIT,BUY,1,505,2018-08-27T00:38:55.032,2018-08-27T00:39:14.315,38:55.0,0,750,#N/A,#N/A,0:01:16,75.569,1
pert-josh,M1@bmm,1,288,6607,1,567,NULL,1285078,1285078,1285078,1285120,LIMIT,BUY,1,115,2018-08-27T00:39:01.056,2018-08-27T00:40:33.947,39:01.1,0,750,#N/A,#N/A,0:01:22,81.593,1
pert-josh,M4@bmm,4,288,6607,1,567,NULL,1285079,1285079,1285079,1285094,LIMIT,BUY,1,630,2018-08-27T00:39:03.601,2018-08-27T00:39:32.468,39:03.6,0,750,#N/A,#N/A,0:01:24,84.138,1
pert-josh,M8@bmm,8,288,6607,1,567,NULL,1285080,1285080,1285080,1285143,LIMIT,BUY,10,10,2018-08-27T00:39:03.720,2018-08-27T00:41:24.649,39:03.7,0,750,#N/A,#N/A,0:01:24,84.257,1
pert-josh,M6@bmm,6,288,6607,1,567,NULL,1285081,1285074,1285074,1285074,CANCEL,BUY,3,495,2018-08-27T00:39:05.734,2018-08-27T00:39:05.740,39:05.7,0,750,#N/A,#N/A,0:01:26,86.271,1
pert-josh,M6@bmm,6,288,6607,1,567,NULL,1285082,1285017,1285017,1285017,CANCEL,BUY,3,490,2018-08-27T00:39:07.297,2018-08-27T00:39:07.303,39:07.3,0,750,#N/A,#N/A,0:01:28,87.834,1
pert-josh,M5@bmm,5,288,6607,1,567,NULL,1285083,1285083,1285083,1285100,LIMIT,BUY,1,295,2018-08-27T00:39:07.494,2018-08-27T00:39:46.787,39:07.5,0,750,#N/A,#N/A,0:01:28,88.031,1
pert-josh,M4@bmm,4,288,6607,1,567,NULL,1285084,1285084,1285084,1285096,LIMIT,BUY,1,625,2018-08-27T00:39:12.946,2018-08-27T00:39:39.415,39:12.9,0,750,#N/A,#N/A,0:01:33,93.483,1
pert-josh,M2@bmm,2,288,6607,1,567,NULL,1285085,1285077,1285077,1285077,CANCEL,BUY,1,505,2018-08-27T00:39:14.309,2018-08-27T00:39:14.315,39:14.3,0,750,#N/A,#N/A,0:01:35,94.846,1
pert-josh,M5@bmm,5,288,6607,1,567,NULL,1285086,1285086,1285086,1285101,LIMIT,BUY,1,180,2018-08-27T00:39:19.978,2018-08-27T00:39:47.938,39:20.0,0,750,#N/A,#N/A,0:01:41,100.515,1
pert-josh,M7@bmm,7,288,6607,1,567,NULL,1285087,1285087,1285087,1285099,LIMIT,SELL,1,660,2018-08-27T00:39:22.865,2018-08-27T00:39:46.617,39:22.9,0,750,#N/A,#N/A,0:01:43,103.402,-1
pert-josh,M6@bmm,6,288,6607,1,567,NULL,1285088,1285088,1285088,1285097,LIMIT,SELL,1,650,2018-08-27T00:39:23.530,2018-08-27T00:39:41.720,39:23.5,0,750,#N/A,#N/A,0:01:44,104.067,-1
pert-josh,M2@bmm,2,288,6607,1,567,NULL,1285089,1285089,1285089,1285136,LIMIT,BUY,1,620,2018-08-27T00:39:24.041,2018-08-27T00:41:04.410,39:24.0,0,750,#N/A,#N/A,0:01:45,104.578,1
pert-josh,M1@bmm,1,288,6607,1,567,NULL,1285090,1285090,1285090,0,LIMIT,SELL,1,570,2018-08-27T00:39:27.080,2018-08-27T00:39:27.094,39:27.1,0,750,#N/A,#N/A,0:01:48,107.617,-1
pert-josh,M1@bmm,1,288,6607,1,567,NULL,1285091,1285090,1285090,1285076,LIMIT,SELL,1,635,2018-08-27T00:39:27.090,2018-08-27T00:39:27.094,39:27.1,1,750,635,-115,0:01:48,107.627,-1
pert-josh,M4@bmm,4,288,6607,1,567,NULL,1285092,1285092,1285092,1285110,LIMIT,BUY,1,625,2018-08-27T00:39:27.361,2018-08-27T00:40:03.380,39:27.4,0,750,#N/A,#N/A,0:01:48,107.898,1
pert-josh,M8@bmm,8,288,6607,1,567,NULL,1285093,1285093,1285093,0,LIMIT,SELL,1,625,2018-08-27T00:39:32.457,2018-08-27T00:39:32.467,39:32.5,0,750,#N/A,#N/A,0:01:53,112.994,-1
pert-josh,M8@bmm,8,288,6607,1,567,NULL,1285094,1285093,1285093,1285079,LIMIT,SELL,1,630,2018-08-27T00:39:32.463,2018-08-27T00:39:32.468,39:32.5,1,750,630,-120,0:01:53,113,-1
pert-josh,M4@bmm,4,288,6607,1,567,NULL,1285095,1285095,1285095,1285117,LIMIT,BUY,1,625,2018-08-27T00:39:34.145,2018-08-27T00:40:21.252,39:34.1,0,750,#N/A,#N/A,0:01:55,114.682,1
pert-josh,M2@bmm,2,288,6607,1,567,NULL,1285096,1285096,1285096,1285084,LIMIT,SELL,1,625,2018-08-27T00:39:39.403,2018-08-27T00:39:39.415,39:39.4,1,750,625,-125,0:02:00,119.94,-1
pert-josh,M4@bmm,4,288,6607,1,567,NULL,1285097,1285097,1285097,1285088,LIMIT,BUY,1,650,2018-08-27T00:39:41.713,2018-08-27T00:39:41.720,39:41.7,1,750,650,-100,0:02:02,122.25,1
pert-josh,M5@bmm,5,288,6607,1,567,NULL,1285098,1285098,1285098,1285103,LIMIT,BUY,1,625,2018-08-27T00:39:44.130,2018-08-27T00:39:51.330,39:44.1,0,750,#N/A,#N/A,0:02:05,124.667,1
pert-josh,M4@bmm,4,288,6607,1,567,NULL,1285099,1285099,1285099,1285087,LIMIT,BUY,1,660,2018-08-27T00:39:46.609,2018-08-27T00:39:46.617,39:46.6,1,750,660,-90,0:02:07,127.146,1
pert-josh,M5@bmm,5,288,6607,1,567,NULL,1285100,1285083,1285083,1285083,CANCEL,BUY,1,295,2018-08-27T00:39:46.779,2018-08-27T00:39:46.786,39:46.8,0,750,#N/A,#N/A,0:02:07,127.316,1
pert-josh,M5@bmm,5,288,6607,1,567,NULL,1285101,1285086,1285086,1285086,CANCEL,BUY,1,180,2018-08-27T00:39:47.930,2018-08-27T00:39:47.937,39:47.9,0,750,#N/A,#N/A,0:02:08,128.467,1
pert-josh,M5@bmm,5,288,6607,1,567,NULL,1285102,1285102,1285102,1285106,LIMIT,BUY,1,630,2018-08-27T00:39:49.634,2018-08-27T00:39:52.034,39:49.6,0,750,#N/A,#N/A,0:02:10,130.171,1
pert-josh,M5@bmm,5,288,6607,1,567,NULL,1285103,1285098,1285098,1285098,CANCEL,BUY,1,625,2018-08-27T00:39:51.324,2018-08-27T00:39:51.329,39:51.3,0,750,#N/A,#N/A,0:02:12,131.861,1
pert-josh,M2@bmm,2,288,6607,1,567,NULL,1285104,1285104,1285104,1285108,LIMIT,BUY,1,620,2018-08-27T00:39:51.552,2018-08-27T00:39:56.161,39:51.6,0,750,#N/A,#N/A,0:02:12,132.089,1
pert-josh,M1@bmm,1,288,6607,1,567,NULL,1285105,1285105,1285105,0,LIMIT,SELL,1,570,2018-08-27T00:39:52.023,2018-08-27T00:39:52.034,39:52.0,0,750,#N/A,#N/A,0:02:13,132.56,-1
pert-josh,M1@bmm,1,288,6607,1,567,NULL,1285106,1285105,1285105,1285102,LIMIT,SELL,1,630,2018-08-27T00:39:52.030,2018-08-27T00:39:52.035,39:52.0,1,750,630,-120,0:02:13,132.567,-1
pert-josh,M2@bmm,2,288,6607,1,567,NULL,1285107,1285067,1285067,1285067,CANCEL,BUY,1,500,2018-08-27T00:39:53.792,2018-08-27T00:39:53.801,39:53.8,0,750,#N/A,#N/A,0:02:14,134.329,1
pert-josh,M2@bmm,2,288,6607,1,567,NULL,1285108,1285104,1285104,1285104,CANCEL,BUY,1,620,2018-08-27T00:39:56.155,2018-08-27T00:39:56.161,39:56.2,0,750,#N/A,#N/A,0:02:17,136.692,1
pert-josh,M1@bmm,1,288,6607,1,567,NULL,1285109,1285109,1285109,0,LIMIT,SELL,1,525,2018-08-27T00:40:03.369,2018-08-27T00:40:03.379,40:03.4,0,750,#N/A,#N/A,0:02:24,143.906,-1
pert-josh,M1@bmm,1,288,6607,1,567,NULL,1285110,1285109,1285109,1285092,LIMIT,SELL,1,625,2018-08-27T00:40:03.375,2018-08-27T00:40:03.380,40:03.4,1,750,625,-125,0:02:24,143.912,-1
pert-josh,M6@bmm,6,288,6607,1,567,NULL,1285111,1285111,1285111,1285153,LIMIT,BUY,1,550,2018-08-27T00:40:04.729,2018-08-27T00:41:44.441,40:04.7,0,750,#N/A,#N/A,0:02:25,145.266,1
pert-josh,M6@bmm,6,288,6607,1,567,NULL,1285112,1285016,1285016,1285016,CANCEL,BUY,3,490,2018-08-27T00:40:08.655,2018-08-27T00:40:08.662,40:08.7,0,750,#N/A,#N/A,0:02:29,149.192,1
pert-josh,M5@bmm,5,288,6607,1,567,NULL,1285113,1285113,1285113,1285165,LIMIT,BUY,1,50,2018-08-27T00:40:10.409,2018-08-27T00:42:09.757,40:10.4,0,750,#N/A,#N/A,0:02:31,150.946,1
pert-josh,M2@bmm,2,288,6607,1,567,NULL,1285114,1285114,1285114,1285118,LIMIT,SELL,1,670,2018-08-27T00:40:14.170,2018-08-27T00:40:30.842,40:14.2,0,750,#N/A,#N/A,0:02:35,154.707,-1
pert-josh,M4@bmm,4,288,6607,1,567,NULL,1285115,1285115,1285115,1285147,LIMIT,BUY,1,625,2018-08-27T00:40:14.179,2018-08-27T00:41:31.054,40:14.2,0,750,#N/A,#N/A,0:02:35,154.716,1
pert-josh,M1@bmm,1,288,6607,1,567,NULL,1285116,1285116,1285116,0,LIMIT,SELL,1,585,2018-08-27T00:40:21.240,2018-08-27T00:40:21.252,40:21.2,0,750,#N/A,#N/A,0:02:42,161.777,-1
pert-josh,M1@bmm,1,288,6607,1,567,NULL,1285117,1285116,1285116,1285095,LIMIT,SELL,1,625,2018-08-27T00:40:21.247,2018-08-27T00:40:21.252,40:21.2,1,750,625,-125,0:02:42,161.784,-1
pert-josh,M4@bmm,4,288,6607,1,567,NULL,1285118,1285118,1285118,1285114,LIMIT,BUY,1,670,2018-08-27T00:40:30.836,2018-08-27T00:40:30.842,40:30.8,1,750,670,-80,0:02:51,171.373,1
pert-josh,M5@bmm,5,288,6607,1,567,NULL,1285119,1285119,1285119,1285123,LIMIT,SELL,1,670,2018-08-27T00:40:33.827,2018-08-27T00:40:46.713,40:33.8,0,750,#N/A,#N/A,0:02:54,174.364,-1
pert-josh,M1@bmm,1,288,6607,1,567,NULL,1285120,1285078,1285078,1285078,CANCEL,BUY,1,115,2018-08-27T00:40:33.940,2018-08-27T00:40:33.947,40:33.9,0,750,#N/A,#N/A,0:02:54,174.477,1
pert-josh,M4@bmm,4,288,6607,1,567,NULL,1285121,1285121,1285121,1285128,LIMIT,BUY,1,665,2018-08-27T00:40:38.396,2018-08-27T00:40:51.475,40:38.4,0,750,#N/A,#N/A,0:02:59,178.933,1
pert-josh,M1@bmm,1,288,6607,1,567,NULL,1285122,1285122,1285122,1285157,LIMIT,BUY,1,130,2018-08-27T00:40:45.826,2018-08-27T00:41:56.366,40:45.8,0,750,#N/A,#N/A,0:03:06,186.363,1
pert-josh,M5@bmm,5,288,6607,1,567,NULL,1285123,1285123,1285123,1285119,LIMIT,BUY,1,670,2018-08-27T00:40:46.706,2018-08-27T00:40:46.713,40:46.7,1,750,670,-80,0:03:07,187.243,1
pert-josh,M7@bmm,7,288,6607,1,567,NULL,1285126,1285126,1285126,1285130,LIMIT,SELL,1,680,2018-08-27T00:40:50.352,2018-08-27T00:40:56.676,40:50.4,0,750,#N/A,#N/A,0:03:11,190.889,-1
pert-josh,M2@bmm,2,288,6607,1,567,NULL,1285127,1285127,1285127,0,LIMIT,SELL,1,625,2018-08-27T00:40:51.464,2018-08-27T00:40:51.474,40:51.5,0,750,#N/A,#N/A,0:03:12,192.001,-1
pert-josh,M2@bmm,2,288,6607,1,567,NULL,1285128,1285127,1285127,1285121,LIMIT,SELL,1,665,2018-08-27T00:40:51.470,2018-08-27T00:40:51.475,40:51.5,1,750,665,-85,0:03:12,192.007,-1
pert-josh,M3@bmm,3,288,6607,1,567,NULL,1285129,1285129,1285129,1285131,LIMIT,SELL,1,665,2018-08-27T00:40:53.863,2018-08-27T00:40:59.222,40:53.9,0,750,#N/A,#N/A,0:03:14,194.4,-1
pert-josh,M7@bmm,7,288,6607,1,567,NULL,1285130,1285126,1285126,1285126,CANCEL,SELL,1,680,2018-08-27T00:40:56.669,2018-08-27T00:40:56.676,40:56.7,0,750,#N/A,#N/A,0:03:17,197.206,-1
pert-josh,M4@bmm,4,288,6607,1,567,NULL,1285131,1285131,1285131,1285129,LIMIT,BUY,1,665,2018-08-27T00:40:59.213,2018-08-27T00:40:59.222,40:59.2,1,750,665,-85,0:03:20,199.75,1
pert-josh,M7@bmm,7,288,6607,1,567,NULL,1285133,1285133,1285133,NULL,LIMIT,SELL,1,700,2018-08-27T00:41:01.069,2018-08-27T00:41:01.073,41:01.1,0,750,#N/A,#N/A,0:03:22,201.606,-1
pert-josh,M2@bmm,2,288,6607,1,567,NULL,1285135,1285135,1285135,1285150,LIMIT,BUY,1,625,2018-08-27T00:41:02.330,2018-08-27T00:41:35.315,41:02.3,0,750,#N/A,#N/A,0:03:23,202.867,1
pert-josh,M2@bmm,2,288,6607,1,567,NULL,1285136,1285089,1285089,1285089,CANCEL,BUY,1,620,2018-08-27T00:41:04.403,2018-08-27T00:41:04.409,41:04.4,0,750,#N/A,#N/A,0:03:25,204.94,1
pert-josh,M6@bmm,6,288,6607,1,567,NULL,1285137,1285137,1285137,0,LIMIT,BUY,3,500,2018-08-27T00:41:11.725,2018-08-27T00:42:11.817,41:11.7,0,750,#N/A,#N/A,0:03:32,212.262,1
pert-josh,M6@bmm,6,288,6607,1,567,NULL,1285138,1285138,1285138,1285146,LIMIT,BUY,3,500,2018-08-27T00:41:11.946,2018-08-27T00:41:29.186,41:11.9,0,750,#N/A,#N/A,0:03:32,212.483,1
pert-josh,M8@bmm,8,288,6607,1,567,NULL,1285139,1285139,1285139,1285140,LIMIT,SELL,1,695,2018-08-27T00:41:13.589,2018-08-27T00:41:18.387,41:13.6,0,750,#N/A,#N/A,0:03:34,214.126,-1
pert-josh,M4@bmm,4,288,6607,1,567,NULL,1285140,1285140,1285140,1285139,LIMIT,BUY,1,695,2018-08-27T00:41:18.377,2018-08-27T00:41:18.386,41:18.4,1,750,695,-55,0:03:39,218.914,1
pert-josh,M3@bmm,3,288,6607,1,567,NULL,1285141,1285072,1285072,1285072,CANCEL,BUY,1,505,2018-08-27T00:41:22.415,2018-08-27T00:41:22.424,41:22.4,0,750,#N/A,#N/A,0:03:43,222.952,1
pert-josh,M8@bmm,8,288,6607,1,567,NULL,1285143,1285080,1285080,1285080,CANCEL,BUY,10,10,2018-08-27T00:41:24.643,2018-08-27T00:41:24.649,41:24.6,0,750,#N/A,#N/A,0:03:45,225.18,1
pert-josh,M8@bmm,8,288,6607,1,567,NULL,1285144,1285013,1285013,1285013,CANCEL,BUY,5,25,2018-08-27T00:41:25.571,2018-08-27T00:41:25.577,41:25.6,0,750,#N/A,#N/A,0:03:46,226.108,1
pert-josh,M6@bmm,6,288,6607,1,567,NULL,1285146,1285138,1285138,1285138,CANCEL,BUY,3,500,2018-08-27T00:41:29.180,2018-08-27T00:41:29.186,41:29.2,0,750,#N/A,#N/A,0:03:50,229.717,1
pert-josh,M5@bmm,5,288,6607,1,567,NULL,1285147,1285147,1285147,1285115,LIMIT,SELL,1,625,2018-08-27T00:41:31.042,2018-08-27T00:41:31.053,41:31.0,1,750,625,-125,0:03:52,231.579,-1
pert-josh,M2@bmm,2,288,6607,1,567,NULL,1285148,1285148,1285148,1285151,LIMIT,BUY,1,620,2018-08-27T00:41:34.514,2018-08-27T00:41:38.330,41:34.5,0,750,#N/A,#N/A,0:03:55,235.051,1
pert-josh,M1@bmm,1,288,6607,1,567,NULL,1285149,1285149,1285149,0,LIMIT,SELL,1,530,2018-08-27T00:41:35.303,2018-08-27T00:41:35.315,41:35.3,0,750,#N/A,#N/A,0:03:56,235.84,-1
pert-josh,M1@bmm,1,288,6607,1,567,NULL,1285150,1285149,1285149,1285135,LIMIT,SELL,1,625,2018-08-27T00:41:35.311,2018-08-27T00:41:35.315,41:35.3,1,750,625,-125,0:03:56,235.848,-1
pert-josh,M5@bmm,5,288,6607,1,567,NULL,1285151,1285151,1285151,1285148,LIMIT,SELL,1,620,2018-08-27T00:41:38.323,2018-08-27T00:41:38.330,41:38.3,1,750,620,-130,0:03:59,238.86,-1
pert-josh,M1@bmm,1,288,6607,1,567,NULL,1285152,1285152,1285152,NULL,LIMIT,BUY,1,260,2018-08-27T00:41:43.888,2018-08-27T00:41:43.891,41:43.9,0,750,#N/A,#N/A,0:04:04,244.425,1
pert-josh,M5@bmm,5,288,6607,1,567,NULL,1285153,1285153,1285153,1285111,LIMIT,SELL,1,550,2018-08-27T00:41:44.434,2018-08-27T00:41:44.440,41:44.4,1,750,550,-200,0:04:05,244.971,-1
pert-josh,M4@bmm,4,288,6607,1,567,NULL,1285154,1285154,1285154,1285162,LIMIT,BUY,1,670,2018-08-27T00:41:48.788,2018-08-27T00:42:00.290,41:48.8,0,750,#N/A,#N/A,0:04:09,249.325,1
pert-josh,M8@bmm,8,288,6607,1,567,NULL,1285155,1285155,1285155,NULL,LIMIT,BUY,1,200,2018-08-27T00:41:49.110,2018-08-27T00:41:49.113,41:49.1,0,750,#N/A,#N/A,0:04:10,249.647,1
pert-josh,M2@bmm,2,288,6607,1,567,NULL,1285156,1285156,1285156,1285158,LIMIT,SELL,1,680,2018-08-27T00:41:49.986,2018-08-27T00:41:57.924,41:50.0,0,750,#N/A,#N/A,0:04:11,250.523,-1
pert-josh,M1@bmm,1,288,6607,1,567,NULL,1285157,1285122,1285122,1285122,CANCEL,BUY,1,130,2018-08-27T00:41:56.359,2018-08-27T00:41:56.366,41:56.4,0,750,#N/A,#N/A,0:04:17,256.896,1
pert-josh,M2@bmm,2,288,6607,1,567,NULL,1285158,1285156,1285156,1285156,CANCEL,SELL,1,680,2018-08-27T00:41:57.918,2018-08-27T00:41:57.924,41:57.9,0,750,#N/A,#N/A,0:04:18,258.455,-1
pert-josh,M2@bmm,2,288,6607,1,567,NULL,1285159,1285156,1285156,1285159,CANCEL,SELL,1,680,2018-08-27T00:41:58.177,2018-08-27T00:41:58.182,41:58.2,0,750,#N/A,#N/A,0:04:19,258.714,-1
pert-josh,M2@bmm,2,288,6607,1,567,NULL,1285160,1285160,1285160,NULL,LIMIT,SELL,1,685,2018-08-27T00:41:59.089,2018-08-27T00:41:59.092,41:59.1,0,750,#N/A,#N/A,0:04:20,259.626,-1
pert-josh,M2@bmm,2,288,6607,1,567,NULL,1285161,1285161,1285161,1285163,LIMIT,SELL,1,685,2018-08-27T00:41:59.107,2018-08-27T00:42:01.894,41:59.1,0,750,#N/A,#N/A,0:04:20,259.644,-1
pert-josh,M5@bmm,5,288,6607,1,567,NULL,1285162,1285162,1285162,1285154,LIMIT,SELL,1,670,2018-08-27T00:42:00.282,2018-08-27T00:42:00.289,42:00.3,1,750,670,-80,0:04:21,260.819,-1
pert-josh,M2@bmm,2,288,6607,1,567,NULL,1285163,1285161,1285161,1285161,CANCEL,SELL,1,685,2018-08-27T00:42:01.888,2018-08-27T00:42:01.894,42:01.9,0,750,#N/A,#N/A,0:04:22,262.425,-1
pert-josh,M5@bmm,5,288,6607,1,567,NULL,1285164,1285164,1285164,1285173,LIMIT,SELL,1,505,2018-08-27T00:42:07.516,2018-08-27T00:42:16.319,42:07.5,0,750,#N/A,#N/A,0:04:28,268.053,-1
pert-josh,M5@bmm,5,288,6607,1,567,NULL,1285165,1285113,1285113,1285113,CANCEL,BUY,1,50,2018-08-27T00:42:09.750,2018-08-27T00:42:09.757,42:09.8,0,750,#N/A,#N/A,0:04:30,270.287,1
pert-josh,M5@bmm,5,288,6607,1,567,NULL,1285166,1285166,1285166,1285167,LIMIT,SELL,1,500,2018-08-27T00:42:11.803,2018-08-27T00:42:11.817,42:11.8,0,750,#N/A,#N/A,0:04:32,272.34,-1
pert-josh,M6@bmm,6,288,6607,1,567,NULL,1285167,1285137,1285137,1285166,LIMIT,BUY,1,500,2018-08-27T00:42:11.810,2018-08-27T00:42:11.817,42:11.8,1,750,500,-250,0:04:32,272.347,1
pert-josh,M6@bmm,6,288,6607,1,567,NULL,1285168,1285137,1285137,0,LIMIT,BUY,2,500,2018-08-27T00:41:11.725,2018-08-27T00:42:13.521,41:11.7,0,750,#N/A,#N/A,0:03:32,212.262,1
pert-josh,M5@bmm,5,288,6607,1,567,NULL,1285169,1285169,1285169,1285170,LIMIT,SELL,1,500,2018-08-27T00:42:13.506,2018-08-27T00:42:13.521,42:13.5,0,750,#N/A,#N/A,0:04:34,274.043,-1
pert-josh,M6@bmm,6,288,6607,1,567,NULL,1285170,1285137,1285168,1285169,LIMIT,BUY,1,500,2018-08-27T00:42:13.514,2018-08-27T00:42:13.521,42:13.5,1,750,500,-250,0:04:34,274.051,1
pert-josh,M6@bmm,6,288,6607,1,567,NULL,1285171,1285137,1285168,1285172,LIMIT,BUY,1,500,2018-08-27T00:41:11.725,2018-08-27T00:42:14.219,41:11.7,0,750,#N/A,#N/A,0:03:32,212.262,1
pert-josh,M5@bmm,5,288,6607,1,567,NULL,1285172,1285172,1285172,1285171,LIMIT,SELL,1,500,2018-08-27T00:42:14.211,2018-08-27T00:42:14.218,42:14.2,1,750,500,-250,0:04:35,274.748,-1
pert-josh,M5@bmm,5,288,6607,1,567,NULL,1285173,1285164,1285164,1285164,CANCEL,SELL,1,505,2018-08-27T00:42:16.313,2018-08-27T00:42:16.319,42:16.3,0,750,#N/A,#N/A,0:04:37,276.85,-1
pert-josh,M1@bmm,1,288,6607,1,567,NULL,1285174,1285174,1285174,NULL,LIMIT,BUY,1,480,2018-08-27T00:42:19.528,2018-08-27T00:42:19.532,42:19.5,0,750,#N/A,#N/A,0:04:40,280.065,1
pert-josh,M2@bmm,2,288,6608,2,567,NULL,1285175,1285175,1285175,1285178,LIMIT,SELL,1,640,2018-08-27T00:43:00.743,2018-08-27T00:43:03.751,43:00.7,0,700,#N/A,#N/A,0:05:21,321.28,-1
pert-josh,M3@bmm,3,288,6608,2,567,NULL,1285176,1285176,1285176,1285295,LIMIT,SELL,1,680,2018-08-27T00:43:03.500,2018-08-27T00:45:47.384,43:03.5,0,700,#N/A,#N/A,0:05:24,324.037,-1
pert-josh,M4@bmm,4,288,6608,2,567,NULL,1285177,1285177,1285177,0,LIMIT,BUY,1,645,2018-08-27T00:43:03.738,2018-08-27T00:43:03.751,43:03.7,0,700,#N/A,#N/A,0:05:24,324.275,1
pert-josh,M4@bmm,4,288,6608,2,567,NULL,1285178,1285177,1285177,1285175,LIMIT,BUY,1,640,2018-08-27T00:43:03.746,2018-08-27T00:43:03.752,43:03.7,1,700,640,-60,0:05:24,324.283,1
pert-josh,M2@bmm,2,288,6608,2,567,NULL,1285179,1285179,1285179,1285185,LIMIT,SELL,1,660,2018-08-27T00:43:04.072,2018-08-27T00:43:06.865,43:04.1,0,700,#N/A,#N/A,0:05:25,324.609,-1
pert-josh,M1@bmm,1,288,6608,2,567,NULL,1285180,1285180,1285180,1285191,LIMIT,BUY,1,285,2018-08-27T00:43:04.270,2018-08-27T00:43:16.069,43:04.3,0,700,#N/A,#N/A,0:05:25,324.807,1
pert-josh,M4@bmm,4,288,6608,2,567,NULL,1285181,1285181,1285181,1285199,LIMIT,BUY,1,645,2018-08-27T00:43:04.280,2018-08-27T00:43:24.153,43:04.3,0,700,#N/A,#N/A,0:05:25,324.817,1
pert-josh,M4@bmm,4,288,6608,2,567,NULL,1285182,1285182,1285182,1285225,LIMIT,BUY,1,645,2018-08-27T00:43:04.699,2018-08-27T00:44:18.330,43:04.7,0,700,#N/A,#N/A,0:05:25,325.236,1
pert-josh,M4@bmm,4,288,6608,2,567,NULL,1285183,1285183,1285183,1285226,LIMIT,BUY,1,645,2018-08-27T00:43:05.099,2018-08-27T00:44:18.330,43:05.1,0,700,#N/A,#N/A,0:05:26,325.636,1
pert-josh,M4@bmm,4,288,6608,2,567,NULL,1285184,1285184,1285184,1285227,LIMIT,BUY,1,645,2018-08-27T00:43:05.475,2018-08-27T00:44:18.330,43:05.5,0,700,#N/A,#N/A,0:05:26,326.012,1
pert-josh,M2@bmm,2,288,6608,2,567,NULL,1285185,1285179,1285179,1285179,CANCEL,SELL,1,660,2018-08-27T00:43:06.859,2018-08-27T00:43:06.865,43:06.9,0,700,#N/A,#N/A,0:05:27,327.396,-1
pert-josh,M4@bmm,4,288,6608,2,567,NULL,1285186,1285186,1285186,1285223,LIMIT,BUY,1,645,2018-08-27T00:43:07.596,2018-08-27T00:44:17.957,43:07.6,0,700,#N/A,#N/A,0:05:28,328.133,1
pert-josh,M7@bmm,7,288,6608,2,567,NULL,1285187,1285187,1285187,1285203,LIMIT,BUY,1,500,2018-08-27T00:43:12.457,2018-08-27T00:43:36.813,43:12.5,0,700,#N/A,#N/A,0:05:33,332.994,1
pert-josh,M6@bmm,6,288,6608,2,567,NULL,1285188,1285188,1285188,1285315,LIMIT,BUY,3,490,2018-08-27T00:43:13.203,2018-08-27T00:46:44.502,43:13.2,0,700,#N/A,#N/A,0:05:34,333.74,1
pert-josh,M3@bmm,3,288,6608,2,567,NULL,1285189,1285189,1285189,1285218,LIMIT,BUY,1,545,2018-08-27T00:43:13.458,2018-08-27T00:43:53.267,43:13.5,0,700,#N/A,#N/A,0:05:34,333.995,1
pert-josh,M1@bmm,1,288,6608,2,567,NULL,1285190,1285190,1285190,1285202,LIMIT,BUY,1,575,2018-08-27T00:43:15.143,2018-08-27T00:43:34.974,43:15.1,0,700,#N/A,#N/A,0:05:36,335.68,1
pert-josh,M1@bmm,1,288,6608,2,567,NULL,1285191,1285180,1285180,1285180,CANCEL,BUY,1,285,2018-08-27T00:43:16.064,2018-08-27T00:43:16.069,43:16.1,0,700,#N/A,#N/A,0:05:37,336.601,1
pert-josh,M4@bmm,4,288,6608,2,567,NULL,1285192,1285192,1285192,1285275,LIMIT,SELL,1,715,2018-08-27T00:43:17.011,2018-08-27T00:45:17.897,43:17.0,0,700,#N/A,#N/A,0:05:38,337.548,-1
pert-josh,M4@bmm,4,288,6608,2,567,NULL,1285193,1285193,1285193,1285274,LIMIT,SELL,1,715,2018-08-27T00:43:17.346,2018-08-27T00:45:17.047,43:17.3,0,700,#N/A,#N/A,0:05:38,337.883,-1
pert-josh,M4@bmm,4,288,6608,2,567,NULL,1285194,1285194,1285194,1285273,LIMIT,SELL,1,715,2018-08-27T00:43:17.698,2018-08-27T00:45:16.244,43:17.7,0,700,#N/A,#N/A,0:05:38,338.235,-1
pert-josh,M4@bmm,4,288,6608,2,567,NULL,1285195,1285195,1285195,1285272,LIMIT,SELL,1,715,2018-08-27T00:43:18.011,2018-08-27T00:45:15.042,43:18.0,0,700,#N/A,#N/A,0:05:39,338.548,-1
pert-josh,M4@bmm,4,288,6608,2,567,NULL,1285196,1285196,1285196,1285271,LIMIT,SELL,1,715,2018-08-27T00:43:18.255,2018-08-27T00:45:14.442,43:18.3,0,700,#N/A,#N/A,0:05:39,338.792,-1
pert-josh,M4@bmm,4,288,6608,2,567,NULL,1285197,1285197,1285197,1285270,LIMIT,SELL,1,715,2018-08-27T00:43:18.500,2018-08-27T00:45:13.812,43:18.5,0,700,#N/A,#N/A,0:05:39,339.037,-1
pert-josh,M8@bmm,8,288,6608,2,567,NULL,1285198,1285198,1285198,0,LIMIT,SELL,1,625,2018-08-27T00:43:24.141,2018-08-27T00:43:24.152,43:24.1,0,700,#N/A,#N/A,0:05:45,344.678,-1
pert-josh,M8@bmm,8,288,6608,2,567,NULL,1285199,1285198,1285198,1285181,LIMIT,SELL,1,645,2018-08-27T00:43:24.149,2018-08-27T00:43:24.153,43:24.1,1,700,645,-55,0:05:45,344.686,-1
pert-josh,M2@bmm,2,288,6608,2,567,NULL,1285200,1285200,1285200,1285230,LIMIT,BUY,1,640,2018-08-27T00:43:25.650,2018-08-27T00:44:22.596,43:25.7,0,700,#N/A,#N/A,0:05:46,346.187,1
pert-josh,M7@bmm,7,288,6608,2,567,NULL,1285201,1285201,1285201,1285296,LIMIT,SELL,1,680,2018-08-27T00:43:31.265,2018-08-27T00:45:47.384,43:31.3,0,700,#N/A,#N/A,0:05:52,351.802,-1
pert-josh,M1@bmm,1,288,6608,2,567,NULL,1285202,1285190,1285190,1285190,CANCEL,BUY,1,575,2018-08-27T00:43:34.968,2018-08-27T00:43:34.974,43:35.0,0,700,#N/A,#N/A,0:05:56,355.505,1
pert-josh,M7@bmm,7,288,6608,2,567,NULL,1285203,1285187,1285187,1285187,CANCEL,BUY,1,500,2018-08-27T00:43:36.807,2018-08-27T00:43:36.813,43:36.8,0,700,#N/A,#N/A,0:05:57,357.344,1
pert-josh,M6@bmm,6,288,6608,2,567,NULL,1285204,1285204,1285204,0,LIMIT,SELL,3,650,2018-08-27T00:43:38.269,2018-08-27T00:43:45.444,43:38.3,0,700,#N/A,#N/A,0:05:59,358.806,-1
pert-josh,M4@bmm,4,288,6608,2,567,NULL,1285210,1285210,1285210,1285211,LIMIT,BUY,1,650,2018-08-27T00:43:45.429,2018-08-27T00:43:45.444,43:45.4,0,700,#N/A,#N/A,0:06:06,365.966,1
pert-josh,M6@bmm,6,288,6608,2,567,NULL,1285211,1285204,1285204,1285210,LIMIT,SELL,1,650,2018-08-27T00:43:45.437,2018-08-27T00:43:45.444,43:45.4,1,700,650,-50,0:06:06,365.974,-1
pert-josh,M6@bmm,6,288,6608,2,567,NULL,1285212,1285204,1285204,0,LIMIT,SELL,2,650,2018-08-27T00:43:38.269,2018-08-27T00:43:50.897,43:38.3,0,700,#N/A,#N/A,0:05:59,358.806,-1
pert-josh,M1@bmm,1,288,6608,2,567,NULL,1285214,1285214,1285214,0,LIMIT,BUY,1,665,2018-08-27T00:43:50.880,2018-08-27T00:43:50.897,43:50.9,0,700,#N/A,#N/A,0:06:11,371.417,1
pert-josh,M1@bmm,1,288,6608,2,567,NULL,1285215,1285214,1285214,1285216,LIMIT,BUY,1,650,2018-08-27T00:43:50.887,2018-08-27T00:43:50.898,43:50.9,0,700,#N/A,#N/A,0:06:11,371.424,1
pert-josh,M6@bmm,6,288,6608,2,567,NULL,1285216,1285204,1285212,1285215,LIMIT,SELL,1,650,2018-08-27T00:43:50.890,2018-08-27T00:43:50.898,43:50.9,1,700,650,-50,0:06:11,371.427,-1
pert-josh,M6@bmm,6,288,6608,2,567,NULL,1285217,1285204,1285212,1285221,LIMIT,SELL,1,650,2018-08-27T00:43:38.269,2018-08-27T00:44:14.194,43:38.3,0,700,#N/A,#N/A,0:05:59,358.806,-1
pert-josh,M3@bmm,3,288,6608,2,567,NULL,1285218,1285189,1285189,1285189,CANCEL,BUY,1,545,2018-08-27T00:43:53.261,2018-08-27T00:43:53.267,43:53.3,0,700,#N/A,#N/A,0:06:14,373.798,1
pert-josh,M2@bmm,2,288,6608,2,567,NULL,1285219,1285219,1285219,1285292,LIMIT,SELL,1,675,2018-08-27T00:43:59.035,2018-08-27T00:45:44.667,43:59.0,0,700,#N/A,#N/A,0:06:20,379.572,-1
pert-josh,M1@bmm,1,288,6608,2,567,NULL,1285220,1285220,1285220,0,LIMIT,BUY,1,665,2018-08-27T00:44:14.184,2018-08-27T00:44:14.194,44:14.2,0,700,#N/A,#N/A,0:06:35,394.721,1
pert-josh,M1@bmm,1,288,6608,2,567,NULL,1285221,1285220,1285220,1285217,LIMIT,BUY,1,650,2018-08-27T00:44:14.190,2018-08-27T00:44:14.194,44:14.2,1,700,650,-50,0:06:35,394.727,1
pert-josh,M2@bmm,2,288,6608,2,567,NULL,1285222,1285222,1285222,1285266,LIMIT,BUY,1,620,2018-08-27T00:44:16.825,2018-08-27T00:45:07.549,44:16.8,0,700,#N/A,#N/A,0:06:37,397.362,1
pert-josh,M4@bmm,4,288,6608,2,567,NULL,1285223,1285186,1285186,1285186,CANCEL,BUY,1,645,2018-08-27T00:44:17.950,2018-08-27T00:44:17.957,44:17.9,0,700,#N/A,#N/A,0:06:38,398.487,1
pert-josh,M5@bmm,5,288,6608,2,567,NULL,1285224,1285224,1285224,0,LIMIT,SELL,4,645,2018-08-27T00:44:18.308,2018-08-27T00:44:18.330,44:18.3,0,700,#N/A,#N/A,0:06:39,398.845,-1
pert-josh,M5@bmm,5,288,6608,2,567,NULL,1285225,1285224,1285224,1285182,LIMIT,SELL,1,645,2018-08-27T00:44:18.314,2018-08-27T00:44:18.330,44:18.3,1,700,645,-55,0:06:39,398.851,-1
pert-josh,M5@bmm,5,288,6608,2,567,NULL,1285226,1285224,1285224,1285183,LIMIT,SELL,1,645,2018-08-27T00:44:18.318,2018-08-27T00:44:18.330,44:18.3,1,700,645,-55,0:06:39,398.855,-1
pert-josh,M5@bmm,5,288,6608,2,567,NULL,1285227,1285224,1285224,1285184,LIMIT,SELL,1,645,2018-08-27T00:44:18.322,2018-08-27T00:44:18.331,44:18.3,1,700,645,-55,0:06:39,398.859,-1
pert-josh,M5@bmm,5,288,6608,2,567,NULL,1285228,1285224,1285224,1285242,LIMIT,SELL,1,645,2018-08-27T00:44:18.308,2018-08-27T00:44:24.598,44:18.3,0,700,#N/A,#N/A,0:06:39,398.845,-1
pert-josh,M5@bmm,5,288,6608,2,567,NULL,1285229,1285229,1285229,0,LIMIT,SELL,4,640,2018-08-27T00:44:22.581,2018-08-27T00:44:22.596,44:22.6,0,700,#N/A,#N/A,0:06:43,403.118,-1
pert-josh,M5@bmm,5,288,6608,2,567,NULL,1285230,1285229,1285229,1285200,LIMIT,SELL,1,640,2018-08-27T00:44:22.589,2018-08-27T00:44:22.596,44:22.6,1,700,640,-60,0:06:43,403.126,-1
pert-josh,M5@bmm,5,288,6608,2,567,NULL,1285231,1285229,1285229,0,LIMIT,SELL,3,640,2018-08-27T00:44:22.581,2018-08-27T00:44:22.652,44:22.6,0,700,#N/A,#N/A,0:06:43,403.118,-1
pert-josh,M4@bmm,4,288,6608,2,567,NULL,1285232,1285232,1285232,0,LIMIT,BUY,1,650,2018-08-27T00:44:22.634,2018-08-27T00:44:22.652,44:22.6,0,700,#N/A,#N/A,0:06:43,403.171,1
pert-josh,M4@bmm,4,288,6608,2,567,NULL,1285233,1285232,1285232,1285234,LIMIT,BUY,1,640,2018-08-27T00:44:22.641,2018-08-27T00:44:22.652,44:22.6,0,700,#N/A,#N/A,0:06:43,403.178,1
pert-josh,M5@bmm,5,288,6608,2,567,NULL,1285234,1285229,1285231,1285233,LIMIT,SELL,1,640,2018-08-27T00:44:22.645,2018-08-27T00:44:22.652,44:22.6,1,700,640,-60,0:06:43,403.182,-1
pert-josh,M5@bmm,5,288,6608,2,567,NULL,1285235,1285229,1285231,0,LIMIT,SELL,2,640,2018-08-27T00:44:22.581,2018-08-27T00:44:23.861,44:22.6,0,700,#N/A,#N/A,0:06:43,403.118,-1
pert-josh,M4@bmm,4,288,6608,2,567,NULL,1285236,1285236,1285236,0,LIMIT,BUY,1,650,2018-08-27T00:44:23.844,2018-08-27T00:44:23.860,44:23.8,0,700,#N/A,#N/A,0:06:44,404.381,1
pert-josh,M4@bmm,4,288,6608,2,567,NULL,1285237,1285236,1285236,1285238,LIMIT,BUY,1,640,2018-08-27T00:44:23.850,2018-08-27T00:44:23.861,44:23.9,0,700,#N/A,#N/A,0:06:44,404.387,1
pert-josh,M5@bmm,5,288,6608,2,567,NULL,1285238,1285229,1285235,1285237,LIMIT,SELL,1,640,2018-08-27T00:44:23.853,2018-08-27T00:44:23.861,44:23.9,1,700,640,-60,0:06:44,404.39,-1
pert-josh,M5@bmm,5,288,6608,2,567,NULL,1285239,1285229,1285235,1285241,LIMIT,SELL,1,640,2018-08-27T00:44:22.581,2018-08-27T00:44:24.598,44:22.6,0,700,#N/A,#N/A,0:06:43,403.118,-1
pert-josh,M6@bmm,6,288,6608,2,567,NULL,1285240,1285240,1285240,0,LIMIT,BUY,3,645,2018-08-27T00:44:24.579,2018-08-27T00:44:24.598,44:24.6,0,700,#N/A,#N/A,0:06:45,405.116,1
pert-josh,M6@bmm,6,288,6608,2,567,NULL,1285241,1285240,1285240,1285239,LIMIT,BUY,1,640,2018-08-27T00:44:24.587,2018-08-27T00:44:24.598,44:24.6,1,700,640,-60,0:06:45,405.124,1
pert-josh,M6@bmm,6,288,6608,2,567,NULL,1285242,1285240,1285240,1285228,LIMIT,BUY,1,645,2018-08-27T00:44:24.591,2018-08-27T00:44:24.598,44:24.6,1,700,645,-55,0:06:45,405.128,1
pert-josh,M6@bmm,6,288,6608,2,567,NULL,1285243,1285240,1285240,1285246,LIMIT,BUY,1,645,2018-08-27T00:44:24.579,2018-08-27T00:44:32.141,44:24.6,0,700,#N/A,#N/A,0:06:45,405.116,1
pert-josh,M8@bmm,8,288,6608,2,567,NULL,1285244,1285244,1285244,1285248,LIMIT,SELL,1,650,2018-08-27T00:44:27.361,2018-08-27T00:44:35.038,44:27.4,0,700,#N/A,#N/A,0:06:48,407.898,-1
pert-josh,M5@bmm,5,288,6608,2,567,NULL,1285245,1285245,1285245,0,LIMIT,SELL,4,645,2018-08-27T00:44:32.126,2018-08-27T00:44:32.141,44:32.1,0,700,#N/A,#N/A,0:06:53,412.663,-1
pert-josh,M5@bmm,5,288,6608,2,567,NULL,1285246,1285245,1285245,1285243,LIMIT,SELL,1,645,2018-08-27T00:44:32.133,2018-08-27T00:44:32.141,44:32.1,1,700,645,-55,0:06:53,412.67,-1
pert-josh,M5@bmm,5,288,6608,2,567,NULL,1285247,1285245,1285245,1285249,LIMIT,SELL,3,645,2018-08-27T00:44:32.126,2018-08-27T00:44:36.474,44:32.1,0,700,#N/A,#N/A,0:06:53,412.663,-1
pert-josh,M8@bmm,8,288,6608,2,567,NULL,1285248,1285244,1285244,1285244,CANCEL,SELL,1,650,2018-08-27T00:44:35.031,2018-08-27T00:44:35.038,44:35.0,0,700,#N/A,#N/A,0:06:56,415.568,-1
pert-josh,M5@bmm,5,288,6608,2,567,NULL,1285249,1285245,1285245,1285247,CANCEL,SELL,3,645,2018-08-27T00:44:36.468,2018-08-27T00:44:36.474,44:36.5,0,700,#N/A,#N/A,0:06:57,417.005,-1
pert-josh,M1@bmm,1,288,6608,2,567,NULL,1285250,1285250,1285250,1285257,LIMIT,SELL,1,695,2018-08-27T00:44:38.055,2018-08-27T00:44:50.845,44:38.1,0,700,#N/A,#N/A,0:06:59,418.592,-1
pert-josh,M6@bmm,6,288,6608,2,567,NULL,1285251,1285251,1285251,1285253,LIMIT,BUY,3,590,2018-08-27T00:44:38.164,2018-08-27T00:44:43.777,44:38.2,0,700,#N/A,#N/A,0:06:59,418.701,1
pert-josh,M3@bmm,3,288,6608,2,567,NULL,1285252,1285252,1285252,1285255,LIMIT,BUY,1,635,2018-08-27T00:44:43.679,2018-08-27T00:44:48.522,44:43.7,0,700,#N/A,#N/A,0:07:04,424.216,1
pert-josh,M6@bmm,6,288,6608,2,567,NULL,1285253,1285251,1285251,1285251,CANCEL,BUY,3,590,2018-08-27T00:44:43.771,2018-08-27T00:44:43.777,44:43.8,0,700,#N/A,#N/A,0:07:04,424.308,1
pert-josh,M5@bmm,5,288,6608,2,567,NULL,1285254,1285254,1285254,0,LIMIT,SELL,4,635,2018-08-27T00:44:48.510,2018-08-27T00:44:48.522,44:48.5,0,700,#N/A,#N/A,0:07:09,429.047,-1
pert-josh,M5@bmm,5,288,6608,2,567,NULL,1285255,1285254,1285254,1285252,LIMIT,SELL,1,635,2018-08-27T00:44:48.516,2018-08-27T00:44:48.523,44:48.5,1,700,635,-65,0:07:09,429.053,-1
pert-josh,M5@bmm,5,288,6608,2,567,NULL,1285256,1285254,1285254,0,LIMIT,SELL,3,635,2018-08-27T00:44:48.510,2018-08-27T00:45:00.827,44:48.5,0,700,#N/A,#N/A,0:07:09,429.047,-1
pert-josh,M1@bmm,1,288,6608,2,567,NULL,1285257,1285250,1285250,1285250,CANCEL,SELL,1,695,2018-08-27T00:44:50.839,2018-08-27T00:44:50.845,44:50.8,0,700,#N/A,#N/A,0:07:11,431.376,-1
pert-josh,M6@bmm,6,288,6608,2,567,NULL,1285258,1285258,1285258,1285260,LIMIT,BUY,3,590,2018-08-27T00:44:54.061,2018-08-27T00:45:00.216,44:54.1,0,700,#N/A,#N/A,0:07:15,434.598,1
pert-josh,M2@bmm,2,288,6608,2,567,NULL,1285259,1285259,1285259,1285269,LIMIT,BUY,1,610,2018-08-27T00:44:57.275,2018-08-27T00:45:11.123,44:57.3,0,700,#N/A,#N/A,0:07:18,437.812,1
pert-josh,M6@bmm,6,288,6608,2,567,NULL,1285260,1285258,1285258,1285258,CANCEL,BUY,3,590,2018-08-27T00:45:00.209,2018-08-27T00:45:00.215,45:00.2,0,700,#N/A,#N/A,0:07:21,440.746,1
pert-josh,M1@bmm,1,288,6608,2,567,NULL,1285261,1285261,1285261,0,LIMIT,BUY,1,665,2018-08-27T00:45:00.809,2018-08-27T00:45:00.827,45:00.8,0,700,#N/A,#N/A,0:07:21,441.346,1
pert-josh,M1@bmm,1,288,6608,2,567,NULL,1285262,1285261,1285261,1285263,LIMIT,BUY,1,635,2018-08-27T00:45:00.816,2018-08-27T00:45:00.827,45:00.8,0,700,#N/A,#N/A,0:07:21,441.353,1
pert-josh,M5@bmm,5,288,6608,2,567,NULL,1285263,1285254,1285256,1285262,LIMIT,SELL,1,635,2018-08-27T00:45:00.819,2018-08-27T00:45:00.827,45:00.8,1,700,635,-65,0:07:21,441.356,-1
pert-josh,M5@bmm,5,288,6608,2,567,NULL,1285264,1285254,1285256,1285276,LIMIT,SELL,2,635,2018-08-27T00:44:48.510,2018-08-27T00:45:19.427,44:48.5,0,700,#N/A,#N/A,0:07:09,429.047,-1
pert-josh,M6@bmm,6,288,6608,2,567,NULL,1285265,1285265,1285265,NULL,LIMIT,BUY,1,590,2018-08-27T00:45:02.236,2018-08-27T00:45:02.240,45:02.2,0,700,#N/A,#N/A,0:07:23,442.773,1
pert-josh,M2@bmm,2,288,6608,2,567,NULL,1285266,1285222,1285222,1285222,CANCEL,BUY,1,620,2018-08-27T00:45:07.542,2018-08-27T00:45:07.548,45:07.5,0,700,#N/A,#N/A,0:07:28,448.079,1
pert-josh,M4@bmm,4,288,6608,2,567,NULL,1285267,1285267,1285267,NULL,LIMIT,SELL,1,700,2018-08-27T00:45:11.069,2018-08-27T00:45:11.073,45:11.1,0,700,#N/A,#N/A,0:07:32,451.606,-1
pert-josh,M1@bmm,1,288,6608,2,567,NULL,1285268,1285268,1285268,0,LIMIT,SELL,1,510,2018-08-27T00:45:11.111,2018-08-27T00:45:11.123,45:11.1,0,700,#N/A,#N/A,0:07:32,451.648,-1
pert-josh,M1@bmm,1,288,6608,2,567,NULL,1285269,1285268,1285268,1285259,LIMIT,SELL,1,610,2018-08-27T00:45:11.119,2018-08-27T00:45:11.124,45:11.1,1,700,610,-90,0:07:32,451.656,-1
pert-josh,M4@bmm,4,288,6608,2,567,NULL,1285270,1285197,1285197,1285197,CANCEL,SELL,1,715,2018-08-27T00:45:13.805,2018-08-27T00:45:13.811,45:13.8,0,700,#N/A,#N/A,0:07:34,454.342,-1
pert-josh,M4@bmm,4,288,6608,2,567,NULL,1285271,1285196,1285196,1285196,CANCEL,SELL,1,715,2018-08-27T00:45:14.436,2018-08-27T00:45:14.442,45:14.4,0,700,#N/A,#N/A,0:07:35,454.973,-1
pert-josh,M4@bmm,4,288,6608,2,567,NULL,1285272,1285195,1285195,1285195,CANCEL,SELL,1,715,2018-08-27T00:45:15.036,2018-08-27T00:45:15.042,45:15.0,0,700,#N/A,#N/A,0:07:36,455.573,-1
pert-josh,M4@bmm,4,288,6608,2,567,NULL,1285273,1285194,1285194,1285194,CANCEL,SELL,1,715,2018-08-27T00:45:16.237,2018-08-27T00:45:16.243,45:16.2,0,700,#N/A,#N/A,0:07:37,456.774,-1
pert-josh,M4@bmm,4,288,6608,2,567,NULL,1285274,1285193,1285193,1285193,CANCEL,SELL,1,715,2018-08-27T00:45:17.041,2018-08-27T00:45:17.046,45:17.0,0,700,#N/A,#N/A,0:07:38,457.578,-1
pert-josh,M4@bmm,4,288,6608,2,567,NULL,1285275,1285192,1285192,1285192,CANCEL,SELL,1,715,2018-08-27T00:45:17.890,2018-08-27T00:45:17.897,45:17.9,0,700,#N/A,#N/A,0:07:38,458.427,-1
pert-josh,M5@bmm,5,288,6608,2,567,NULL,1285276,1285276,1285276,1285264,LIMIT,BUY,2,635,2018-08-27T00:45:19.420,2018-08-27T00:45:19.427,45:19.4,1,700,635,-65,0:07:40,459.957,1
pert-josh,M8@bmm,8,288,6608,2,567,NULL,1285277,1285277,1285277,1285280,LIMIT,SELL,1,600,2018-08-27T00:45:21.407,2018-08-27T00:45:26.773,45:21.4,0,700,#N/A,#N/A,0:07:42,461.944,-1
pert-josh,M2@bmm,2,288,6608,2,567,NULL,1285278,1285278,1285278,1285285,LIMIT,SELL,1,650,2018-08-27T00:45:23.338,2018-08-27T00:45:32.603,45:23.3,0,700,#N/A,#N/A,0:07:44,463.875,-1
pert-josh,M5@bmm,5,288,6608,2,567,NULL,1285279,1285279,1285279,0,LIMIT,BUY,2,600,2018-08-27T00:45:26.758,2018-08-27T00:45:26.773,45:26.8,0,700,#N/A,#N/A,0:07:47,467.295,1
pert-josh,M5@bmm,5,288,6608,2,567,NULL,1285280,1285279,1285279,1285277,LIMIT,BUY,1,600,2018-08-27T00:45:26.766,2018-08-27T00:45:26.773,45:26.8,1,700,600,-100,0:07:47,467.303,1
pert-josh,M5@bmm,5,288,6608,2,567,NULL,1285281,1285279,1285279,1285283,LIMIT,BUY,1,600,2018-08-27T00:45:26.758,2018-08-27T00:45:31.065,45:26.8,0,700,#N/A,#N/A,0:07:47,467.295,1
pert-josh,M1@bmm,1,288,6608,2,567,NULL,1285282,1285282,1285282,0,LIMIT,SELL,1,575,2018-08-27T00:45:31.048,2018-08-27T00:45:31.065,45:31.0,0,700,#N/A,#N/A,0:07:52,471.585,-1
pert-josh,M1@bmm,1,288,6608,2,567,NULL,1285283,1285282,1285282,1285281,LIMIT,SELL,1,600,2018-08-27T00:45:31.060,2018-08-27T00:45:31.065,45:31.1,1,700,600,-100,0:07:52,471.597,-1
pert-josh,M5@bmm,5,288,6608,2,567,NULL,1285284,1285284,1285284,0,LIMIT,BUY,2,650,2018-08-27T00:45:32.590,2018-08-27T00:45:32.603,45:32.6,0,700,#N/A,#N/A,0:07:53,473.127,1
pert-josh,M5@bmm,5,288,6608,2,567,NULL,1285285,1285284,1285284,1285278,LIMIT,BUY,1,650,2018-08-27T00:45:32.596,2018-08-27T00:45:32.603,45:32.6,1,700,650,-50,0:07:53,473.133,1
pert-josh,M5@bmm,5,288,6608,2,567,NULL,1285286,1285284,1285284,1285303,LIMIT,BUY,1,650,2018-08-27T00:45:32.590,2018-08-27T00:46:11.461,45:32.6,0,700,#N/A,#N/A,0:07:53,473.127,1
pert-josh,M3@bmm,3,288,6608,2,567,NULL,1285287,1285287,1285287,1285289,LIMIT,SELL,1,665,2018-08-27T00:45:32.875,2018-08-27T00:45:40.139,45:32.9,0,700,#N/A,#N/A,0:07:53,473.412,-1
pert-josh,M5@bmm,5,288,6608,2,567,NULL,1285288,1285288,1285288,0,LIMIT,BUY,2,665,2018-08-27T00:45:40.126,2018-08-27T00:45:40.139,45:40.1,0,700,#N/A,#N/A,0:08:01,480.663,1
pert-josh,M5@bmm,5,288,6608,2,567,NULL,1285289,1285288,1285288,1285287,LIMIT,BUY,1,665,2018-08-27T00:45:40.132,2018-08-27T00:45:40.139,45:40.1,1,700,665,-35,0:08:01,480.669,1
pert-josh,M5@bmm,5,288,6608,2,567,NULL,1285290,1285288,1285288,1285302,LIMIT,BUY,1,665,2018-08-27T00:45:40.126,2018-08-27T00:46:10.044,45:40.1,0,700,#N/A,#N/A,0:08:01,480.663,1
pert-josh,M5@bmm,5,288,6608,2,567,NULL,1285291,1285291,1285291,0,LIMIT,BUY,2,675,2018-08-27T00:45:44.654,2018-08-27T00:45:44.667,45:44.7,0,700,#N/A,#N/A,0:08:05,485.191,1
pert-josh,M5@bmm,5,288,6608,2,567,NULL,1285292,1285291,1285291,1285219,LIMIT,BUY,1,675,2018-08-27T00:45:44.660,2018-08-27T00:45:44.667,45:44.7,1,700,675,-25,0:08:05,485.197,1
pert-josh,M5@bmm,5,288,6608,2,567,NULL,1285293,1285291,1285291,1285298,LIMIT,BUY,1,675,2018-08-27T00:45:44.654,2018-08-27T00:45:49.762,45:44.7,0,700,#N/A,#N/A,0:08:05,485.191,1
pert-josh,M5@bmm,5,288,6608,2,567,NULL,1285294,1285294,1285294,0,LIMIT,BUY,2,680,2018-08-27T00:45:47.365,2018-08-27T00:45:47.384,45:47.4,0,700,#N/A,#N/A,0:08:08,487.902,1
pert-josh,M5@bmm,5,288,6608,2,567,NULL,1285295,1285294,1285294,1285176,LIMIT,BUY,1,680,2018-08-27T00:45:47.373,2018-08-27T00:45:47.384,45:47.4,1,700,680,-20,0:08:08,487.91,1
pert-josh,M5@bmm,5,288,6608,2,567,NULL,1285296,1285294,1285294,1285201,LIMIT,BUY,1,680,2018-08-27T00:45:47.380,2018-08-27T00:45:47.384,45:47.4,1,700,680,-20,0:08:08,487.917,1
pert-josh,M1@bmm,1,288,6608,2,567,NULL,1285297,1285297,1285297,0,LIMIT,SELL,1,650,2018-08-27T00:45:49.752,2018-08-27T00:45:49.762,45:49.8,0,700,#N/A,#N/A,0:08:10,490.289,-1
pert-josh,M1@bmm,1,288,6608,2,567,NULL,1285298,1285297,1285297,1285293,LIMIT,SELL,1,675,2018-08-27T00:45:49.758,2018-08-27T00:45:49.762,45:49.8,1,700,675,-25,0:08:10,490.295,-1
pert-josh,M3@bmm,3,288,6608,2,567,NULL,1285299,1285299,1285299,1285318,LIMIT,BUY,1,650,2018-08-27T00:46:05.405,2018-08-27T00:46:55.515,46:05.4,0,700,#N/A,#N/A,0:08:26,505.942,1
pert-josh,M7@bmm,7,288,6608,2,567,NULL,1285300,1285300,1285300,1285344,LIMIT,SELL,1,690,2018-08-27T00:46:08.879,2018-08-27T00:47:49.597,46:08.9,0,700,#N/A,#N/A,0:08:29,509.416,-1
pert-josh,M6@bmm,6,288,6608,2,567,NULL,1285301,1285301,1285301,0,LIMIT,SELL,1,650,2018-08-27T00:46:10.033,2018-08-27T00:46:10.044,46:10.0,0,700,#N/A,#N/A,0:08:31,510.57,-1
pert-josh,M6@bmm,6,288,6608,2,567,NULL,1285302,1285301,1285301,1285290,LIMIT,SELL,1,665,2018-08-27T00:46:10.040,2018-08-27T00:46:10.044,46:10.0,1,700,665,-35,0:08:31,510.577,-1
pert-josh,M6@bmm,6,288,6608,2,567,NULL,1285303,1285303,1285303,1285286,LIMIT,SELL,1,650,2018-08-27T00:46:11.455,2018-08-27T00:46:11.461,46:11.5,1,700,650,-50,0:08:32,511.992,-1
pert-josh,M1@bmm,1,288,6608,2,567,NULL,1285304,1285304,1285304,1285310,LIMIT,BUY,1,445,2018-08-27T00:46:12.879,2018-08-27T00:46:21.295,46:12.9,0,700,#N/A,#N/A,0:08:33,513.416,1
pert-josh,M2@bmm,2,288,6608,2,567,NULL,1285305,1285305,1285305,NULL,LIMIT,BUY,1,610,2018-08-27T00:46:13.977,2018-08-27T00:46:13.980,46:14.0,0,700,#N/A,#N/A,0:08:35,514.514,1
pert-josh,M4@bmm,4,288,6608,2,567,NULL,1285306,1285306,1285306,NULL,LIMIT,SELL,1,705,2018-08-27T00:46:16.430,2018-08-27T00:46:16.433,46:16.4,0,700,#N/A,#N/A,0:08:37,516.967,-1
pert-josh,M4@bmm,4,288,6608,2,567,NULL,1285307,1285307,1285307,NULL,LIMIT,SELL,1,705,2018-08-27T00:46:19.068,2018-08-27T00:46:19.071,46:19.1,0,700,#N/A,#N/A,0:08:40,519.605,-1
pert-josh,M2@bmm,2,288,6608,2,567,NULL,1285308,1285308,1285308,1285340,LIMIT,BUY,1,595,2018-08-27T00:46:19.417,2018-08-27T00:47:48.209,46:19.4,0,700,#N/A,#N/A,0:08:40,519.954,1
pert-josh,M4@bmm,4,288,6608,2,567,NULL,1285309,1285309,1285309,NULL,LIMIT,SELL,1,705,2018-08-27T00:46:20.622,2018-08-27T00:46:20.625,46:20.6,0,700,#N/A,#N/A,0:08:41,521.159,-1
pert-josh,M1@bmm,1,288,6608,2,567,NULL,1285310,1285304,1285304,1285304,CANCEL,BUY,1,445,2018-08-27T00:46:21.289,2018-08-27T00:46:21.295,46:21.3,0,700,#N/A,#N/A,0:08:42,521.826,1
pert-josh,M4@bmm,4,288,6608,2,567,NULL,1285311,1285311,1285311,NULL,LIMIT,SELL,1,705,2018-08-27T00:46:21.900,2018-08-27T00:46:21.903,46:21.9,0,700,#N/A,#N/A,0:08:42,522.437,-1
pert-josh,M6@bmm,6,288,6608,2,567,NULL,1285312,1285312,1285312,1285338,LIMIT,SELL,1,685,2018-08-27T00:46:24.208,2018-08-27T00:47:45.002,46:24.2,0,700,#N/A,#N/A,0:08:45,524.745,-1
pert-josh,M7@bmm,7,288,6608,2,567,NULL,1285313,1285313,1285313,1285316,LIMIT,BUY,1,500,2018-08-27T00:46:24.468,2018-08-27T00:46:46.979,46:24.5,0,700,#N/A,#N/A,0:08:45,525.005,1
pert-josh,M8@bmm,8,288,6608,2,567,NULL,1285314,1285314,1285314,1285317,LIMIT,SELL,1,800,2018-08-27T00:46:30.391,2018-08-27T00:46:47.701,46:30.4,0,700,#N/A,#N/A,0:08:51,530.928,-1
pert-josh,M6@bmm,6,288,6608,2,567,NULL,1285315,1285188,1285188,1285188,CANCEL,BUY,3,490,2018-08-27T00:46:44.495,2018-08-27T00:46:44.501,46:44.5,0,700,#N/A,#N/A,0:09:05,545.032,1
pert-josh,M7@bmm,7,288,6608,2,567,NULL,1285316,1285313,1285313,1285313,CANCEL,BUY,1,500,2018-08-27T00:46:46.972,2018-08-27T00:46:46.979,46:47.0,0,700,#N/A,#N/A,0:09:08,547.509,1
pert-josh,M8@bmm,8,288,6608,2,567,NULL,1285317,1285314,1285314,1285314,CANCEL,SELL,1,800,2018-08-27T00:46:47.695,2018-08-27T00:46:47.700,46:47.7,0,700,#N/A,#N/A,0:09:08,548.232,-1
pert-josh,M3@bmm,3,288,6608,2,567,NULL,1285318,1285299,1285299,1285299,CANCEL,BUY,1,650,2018-08-27T00:46:55.509,2018-08-27T00:46:55.515,46:55.5,0,700,#N/A,#N/A,0:09:16,556.046,1
pert-josh,M1@bmm,1,288,6608,2,567,NULL,1285319,1285319,1285319,1285320,LIMIT,SELL,1,620,2018-08-27T00:46:59.121,2018-08-27T00:47:06.698,46:59.1,0,700,#N/A,#N/A,0:09:20,559.658,-1
pert-josh,M1@bmm,1,288,6608,2,567,NULL,1285320,1285319,1285319,1285319,CANCEL,SELL,1,620,2018-08-27T00:47:06.692,2018-08-27T00:47:06.698,47:06.7,0,700,#N/A,#N/A,0:09:27,567.229,-1
pert-josh,M8@bmm,8,288,6608,2,567,NULL,1285321,1285321,1285321,1285324,LIMIT,SELL,1,680,2018-08-27T00:47:12.627,2018-08-27T00:47:17.807,47:12.6,0,700,#N/A,#N/A,0:09:33,573.164,-1
pert-josh,M5@bmm,5,288,6608,2,567,NULL,1285323,1285323,1285323,0,LIMIT,BUY,2,680,2018-08-27T00:47:17.793,2018-08-27T00:47:17.807,47:17.8,0,700,#N/A,#N/A,0:09:38,578.33,1
pert-josh,M5@bmm,5,288,6608,2,567,NULL,1285324,1285323,1285323,1285321,LIMIT,BUY,1,680,2018-08-27T00:47:17.799,2018-08-27T00:47:17.807,47:17.8,1,700,680,-20,0:09:38,578.336,1
pert-josh,M5@bmm,5,288,6608,2,567,NULL,1285325,1285323,1285323,1285327,LIMIT,BUY,1,680,2018-08-27T00:47:17.793,2018-08-27T00:47:20.582,47:17.8,0,700,#N/A,#N/A,0:09:38,578.33,1
pert-josh,M6@bmm,6,288,6608,2,567,NULL,1285326,1285326,1285326,NULL,LIMIT,BUY,1,665,2018-08-27T00:47:19.734,2018-08-27T00:47:19.738,47:19.7,0,700,#N/A,#N/A,0:09:40,580.271,1
pert-josh,M5@bmm,5,288,6608,2,567,NULL,1285327,1285323,1285323,1285325,CANCEL,BUY,1,680,2018-08-27T00:47:20.576,2018-08-27T00:47:20.581,47:20.6,0,700,#N/A,#N/A,0:09:41,581.113,1
pert-josh,M6@bmm,6,288,6608,2,567,NULL,1285328,1285328,1285328,1285330,LIMIT,BUY,1,680,2018-08-27T00:47:26.443,2018-08-27T00:47:30.296,47:26.4,0,700,#N/A,#N/A,0:09:47,586.98,1
pert-josh,M1@bmm,1,288,6608,2,567,NULL,1285329,1285329,1285329,1285332,LIMIT,SELL,1,685,2018-08-27T00:47:28.615,2018-08-27T00:47:32.588,47:28.6,0,700,#N/A,#N/A,0:09:49,589.152,-1
pert-josh,M6@bmm,6,288,6608,2,567,NULL,1285330,1285328,1285328,1285328,CANCEL,BUY,1,680,2018-08-27T00:47:30.290,2018-08-27T00:47:30.296,47:30.3,0,700,#N/A,#N/A,0:09:51,590.827,1
pert-josh,M5@bmm,5,288,6608,2,567,NULL,1285331,1285331,1285331,1285333,LIMIT,SELL,2,680,2018-08-27T00:47:31.116,2018-08-27T00:47:33.324,47:31.1,0,700,#N/A,#N/A,0:09:52,591.653,-1
pert-josh,M1@bmm,1,288,6608,2,567,NULL,1285332,1285329,1285329,1285329,CANCEL,SELL,1,685,2018-08-27T00:47:32.582,2018-08-27T00:47:32.588,47:32.6,0,700,#N/A,#N/A,0:09:53,593.119,-1
pert-josh,M5@bmm,5,288,6608,2,567,NULL,1285333,1285331,1285331,1285331,CANCEL,SELL,2,680,2018-08-27T00:47:33.318,2018-08-27T00:47:33.324,47:33.3,0,700,#N/A,#N/A,0:09:54,593.855,-1
pert-josh,M5@bmm,5,288,6608,2,567,NULL,1285334,1285334,1285334,1285335,LIMIT,BUY,2,665,2018-08-27T00:47:38.741,2018-08-27T00:47:40.556,47:38.7,0,700,#N/A,#N/A,0:09:59,599.278,1
pert-josh,M5@bmm,5,288,6608,2,567,NULL,1285335,1285334,1285334,1285334,CANCEL,BUY,2,665,2018-08-27T00:47:40.550,2018-08-27T00:47:40.556,47:40.5,0,700,#N/A,#N/A,0:10:01,601.087,1
pert-josh,M2@bmm,2,288,6608,2,567,NULL,1285336,1285336,1285336,NULL,LIMIT,BUY,1,615,2018-08-27T00:47:41.564,2018-08-27T00:47:41.567,47:41.6,0,700,#N/A,#N/A,0:10:02,602.101,1
pert-josh,M5@bmm,5,288,6608,2,567,NULL,1285337,1285337,1285337,0,LIMIT,BUY,2,685,2018-08-27T00:47:44.989,2018-08-27T00:47:45.002,47:45.0,0,700,#N/A,#N/A,0:10:06,605.526,1
pert-josh,M5@bmm,5,288,6608,2,567,NULL,1285338,1285337,1285337,1285312,LIMIT,BUY,1,685,2018-08-27T00:47:44.995,2018-08-27T00:47:45.003,47:45.0,1,700,685,-15,0:10:06,605.532,1
pert-josh,M5@bmm,5,288,6608,2,567,NULL,1285339,1285337,1285337,NULL,LIMIT,BUY,1,685,2018-08-27T00:47:44.989,2018-08-27T00:47:45.003,47:45.0,0,700,#N/A,#N/A,0:10:06,605.526,1
pert-josh,M2@bmm,2,288,6608,2,567,NULL,1285340,1285308,1285308,1285308,CANCEL,BUY,1,595,2018-08-27T00:47:48.202,2018-08-27T00:47:48.208,47:48.2,0,700,#N/A,#N/A,0:10:09,608.739,1
pert-josh,M8@bmm,8,288,6608,2,567,NULL,1285341,1285341,1285341,1285345,LIMIT,SELL,1,690,2018-08-27T00:47:48.219,2018-08-27T00:47:49.597,47:48.2,0,700,#N/A,#N/A,0:10:09,608.756,-1
pert-josh,M7@bmm,7,288,6608,2,567,NULL,1285342,1285342,1285342,1285347,LIMIT,SELL,1,690,2018-08-27T00:47:48.936,2018-08-27T00:47:51.531,47:48.9,0,700,#N/A,#N/A,0:10:09,609.473,-1
pert-josh,M5@bmm,5,288,6608,2,567,NULL,1285343,1285343,1285343,0,LIMIT,BUY,2,690,2018-08-27T00:47:49.580,2018-08-27T00:47:49.597,47:49.6,0,700,#N/A,#N/A,0:10:10,610.117,1
pert-josh,M5@bmm,5,288,6608,2,567,NULL,1285344,1285343,1285343,1285300,LIMIT,BUY,1,690,2018-08-27T00:47:49.588,2018-08-27T00:47:49.597,47:49.6,1,700,690,-10,0:10:10,610.125,1
pert-josh,M5@bmm,5,288,6608,2,567,NULL,1285345,1285343,1285343,1285341,LIMIT,BUY,1,690,2018-08-27T00:47:49.593,2018-08-27T00:47:49.597,47:49.6,1,700,690,-10,0:10:10,610.13,1
pert-josh,M5@bmm,5,288,6608,2,567,NULL,1285346,1285346,1285346,0,LIMIT,BUY,2,690,2018-08-27T00:47:51.517,2018-08-27T00:47:51.530,47:51.5,0,700,#N/A,#N/A,0:10:12,612.054,1
pert-josh,M5@bmm,5,288,6608,2,567,NULL,1285347,1285346,1285346,1285342,LIMIT,BUY,1,690,2018-08-27T00:47:51.523,2018-08-27T00:47:51.531,47:51.5,1,700,690,-10,0:10:12,612.06,1
pert-josh,M5@bmm,5,288,6608,2,567,NULL,1285348,1285346,1285346,NULL,LIMIT,BUY,1,690,2018-08-27T00:47:51.517,2018-08-27T00:47:51.531,47:51.5,0,700,#N/A,#N/A,0:10:12,612.054,1
pert-josh,M2@bmm,2,288,6609,3,567,NULL,1285356,1285356,1285356,1285375,LIMIT,BUY,1,500,2018-08-27T00:48:35.519,2018-08-27T00:49:15.178,48:35.5,0,650,#N/A,#N/A,0:10:56,656.056,1
pert-josh,M3@bmm,3,288,6609,3,567,NULL,1285357,1285357,1285357,1285367,LIMIT,BUY,1,530,2018-08-27T00:48:39.210,2018-08-27T00:48:52.108,48:39.2,0,650,#N/A,#N/A,0:11:00,659.747,1
pert-josh,M1@bmm,1,288,6609,3,567,NULL,1285358,1285358,1285358,1285370,LIMIT,SELL,1,560,2018-08-27T00:48:39.745,2018-08-27T00:48:54.453,48:39.7,0,650,#N/A,#N/A,0:11:00,660.282,-1
pert-josh,M6@bmm,6,288,6609,3,567,NULL,1285359,1285359,1285359,1285507,LIMIT,SELL,2,705,2018-08-27T00:48:40.498,2018-08-27T00:52:02.126,48:40.5,0,650,#N/A,#N/A,0:11:01,661.035,-1
pert-josh,M4@bmm,4,288,6609,3,567,NULL,1285360,1285360,1285360,1285414,LIMIT,SELL,1,650,2018-08-27T00:48:49.443,2018-08-27T00:50:05.678,48:49.4,0,650,#N/A,#N/A,0:11:10,669.98,-1
pert-josh,M4@bmm,4,288,6609,3,567,NULL,1285361,1285361,1285361,1285415,LIMIT,SELL,1,650,2018-08-27T00:48:49.451,2018-08-27T00:50:06.995,48:49.5,0,650,#N/A,#N/A,0:11:10,669.988,-1
pert-josh,M1@bmm,1,288,6609,3,567,NULL,1285362,1285362,1285362,1285385,LIMIT,BUY,1,495,2018-08-27T00:48:49.495,2018-08-27T00:49:24.418,48:49.5,0,650,#N/A,#N/A,0:11:10,670.032,1
pert-josh,M3@bmm,3,288,6609,3,567,NULL,1285363,1285363,1285363,1285372,LIMIT,BUY,1,555,2018-08-27T00:48:50.236,2018-08-27T00:49:01.340,48:50.2,0,650,#N/A,#N/A,0:11:11,670.773,1
pert-josh,M4@bmm,4,288,6609,3,567,NULL,1285364,1285364,1285364,1285416,LIMIT,SELL,1,650,2018-08-27T00:48:50.491,2018-08-27T00:50:07.772,48:50.5,0,650,#N/A,#N/A,0:11:11,671.028,-1
pert-josh,M4@bmm,4,288,6609,3,567,NULL,1285365,1285365,1285365,1285417,LIMIT,SELL,1,650,2018-08-27T00:48:51.035,2018-08-27T00:50:08.385,48:51.0,0,650,#N/A,#N/A,0:11:12,671.572,-1
pert-josh,M4@bmm,4,288,6609,3,567,NULL,1285366,1285366,1285366,1285418,LIMIT,SELL,1,650,2018-08-27T00:48:51.490,2018-08-27T00:50:08.914,48:51.5,0,650,#N/A,#N/A,0:11:12,672.027,-1
pert-josh,M3@bmm,3,288,6609,3,567,NULL,1285367,1285357,1285357,1285357,CANCEL,BUY,1,530,2018-08-27T00:48:52.101,2018-08-27T00:48:52.108,48:52.1,0,650,#N/A,#N/A,0:11:13,672.638,1
pert-josh,M4@bmm,4,288,6609,3,567,NULL,1285368,1285368,1285368,1285419,LIMIT,SELL,1,650,2018-08-27T00:48:52.187,2018-08-27T00:50:09.596,48:52.2,0,650,#N/A,#N/A,0:11:13,672.724,-1
pert-josh,M2@bmm,2,288,6609,3,567,NULL,1285369,1285369,1285369,1285483,LIMIT,SELL,1,800,2018-08-27T00:48:53.616,2018-08-27T00:51:32.771,48:53.6,0,650,#N/A,#N/A,0:11:14,674.153,-1
pert-josh,M7@bmm,7,288,6609,3,567,NULL,1285370,1285370,1285370,1285358,LIMIT,BUY,1,560,2018-08-27T00:48:54.446,2018-08-27T00:48:54.453,48:54.4,1,650,560,-90,0:11:15,674.983,1
pert-josh,M8@bmm,8,288,6609,3,567,NULL,1285371,1285371,1285371,1285444,LIMIT,SELL,1,1000,2018-08-27T00:48:55.038,2018-08-27T00:50:38.083,48:55.0,0,650,#N/A,#N/A,0:11:16,675.575,-1
pert-josh,M5@bmm,5,288,6609,3,567,NULL,1285372,1285372,1285372,1285363,LIMIT,SELL,1,555,2018-08-27T00:49:01.332,2018-08-27T00:49:01.340,49:01.3,1,650,555,-95,0:11:22,681.869,-1
pert-josh,M1@bmm,1,288,6609,3,567,NULL,1285373,1285373,1285373,1285382,LIMIT,SELL,1,555,2018-08-27T00:49:08.849,2018-08-27T00:49:22.933,49:08.8,0,650,#N/A,#N/A,0:11:29,689.386,-1
pert-josh,M4@bmm,4,288,6609,3,567,NULL,1285374,1285374,1285374,1285376,LIMIT,BUY,1,500,2018-08-27T00:49:14.336,2018-08-27T00:49:16.660,49:14.3,0,650,#N/A,#N/A,0:11:35,694.873,1
pert-josh,M5@bmm,5,288,6609,3,567,NULL,1285375,1285375,1285375,1285356,LIMIT,SELL,1,500,2018-08-27T00:49:15.171,2018-08-27T00:49:15.178,49:15.2,1,650,500,-150,0:11:36,695.708,-1
pert-josh,M5@bmm,5,288,6609,3,567,NULL,1285376,1285376,1285376,1285374,LIMIT,SELL,1,500,2018-08-27T00:49:16.651,2018-08-27T00:49:16.660,49:16.7,1,650,500,-150,0:11:37,697.188,-1
pert-josh,M4@bmm,4,288,6609,3,567,NULL,1285377,1285377,1285377,1285378,LIMIT,BUY,1,500,2018-08-27T00:49:18.311,2018-08-27T00:49:20.193,49:18.3,0,650,#N/A,#N/A,0:11:39,698.848,1
pert-josh,M5@bmm,5,288,6609,3,567,NULL,1285378,1285378,1285378,1285377,LIMIT,SELL,1,500,2018-08-27T00:49:20.186,2018-08-27T00:49:20.193,49:20.2,1,650,500,-150,0:11:41,700.723,-1
pert-josh,M3@bmm,3,288,6609,3,567,NULL,1285379,1285379,1285379,1285411,LIMIT,SELL,1,635,2018-08-27T00:49:20.332,2018-08-27T00:49:56.332,49:20.3,0,650,#N/A,#N/A,0:11:41,700.869,-1
pert-josh,M2@bmm,2,288,6609,3,567,NULL,1285380,1285380,1285380,1285384,LIMIT,BUY,1,510,2018-08-27T00:49:22.841,2018-08-27T00:49:23.085,49:22.8,0,650,#N/A,#N/A,0:11:43,703.378,1
pert-josh,M1@bmm,1,288,6609,3,567,NULL,1285381,1285381,1285381,0,LIMIT,BUY,1,590,2018-08-27T00:49:22.918,2018-08-27T00:49:22.928,49:22.9,0,650,#N/A,#N/A,0:11:43,703.455,1
pert-josh,M1@bmm,1,288,6609,3,567,NULL,1285382,1285381,1285381,1285373,LIMIT,BUY,1,555,2018-08-27T00:49:22.924,2018-08-27T00:49:22.928,49:22.9,1,650,555,-95,0:11:43,703.461,1
pert-josh,M5@bmm,5,288,6609,3,567,NULL,1285383,1285383,1285383,0,LIMIT,SELL,1,495,2018-08-27T00:49:23.075,2018-08-27T00:49:23.085,49:23.1,0,650,#N/A,#N/A,0:11:44,703.612,-1
pert-josh,M5@bmm,5,288,6609,3,567,NULL,1285384,1285383,1285383,1285380,LIMIT,SELL,1,510,2018-08-27T00:49:23.081,2018-08-27T00:49:23.085,49:23.1,1,650,510,-140,0:11:44,703.618,-1
pert-josh,M5@bmm,5,288,6609,3,567,NULL,1285385,1285385,1285385,1285362,LIMIT,SELL,1,495,2018-08-27T00:49:24.411,2018-08-27T00:49:24.418,49:24.4,1,650,495,-155,0:11:45,704.948,-1
pert-josh,M6@bmm,6,288,6609,3,567,NULL,1285386,1285386,1285386,0,LIMIT,BUY,4,495,2018-08-27T00:49:29.015,2018-08-27T00:49:32.693,49:29.0,0,650,#N/A,#N/A,0:11:50,709.552,1
pert-josh,M5@bmm,5,288,6609,3,567,NULL,1285387,1285387,1285387,1285388,LIMIT,SELL,1,495,2018-08-27T00:49:32.676,2018-08-27T00:49:32.693,49:32.7,0,650,#N/A,#N/A,0:11:53,713.213,-1
pert-josh,M6@bmm,6,288,6609,3,567,NULL,1285388,1285386,1285386,1285387,LIMIT,BUY,1,495,2018-08-27T00:49:32.685,2018-08-27T00:49:32.693,49:32.7,1,650,495,-155,0:11:53,713.222,1
pert-josh,M6@bmm,6,288,6609,3,567,NULL,1285389,1285386,1285386,0,LIMIT,BUY,3,495,2018-08-27T00:49:29.015,2018-08-27T00:49:33.975,49:29.0,0,650,#N/A,#N/A,0:11:50,709.552,1
pert-josh,M1@bmm,1,288,6609,3,567,NULL,1285390,1285390,1285390,1285392,LIMIT,BUY,1,515,2018-08-27T00:49:33.639,2018-08-27T00:49:33.658,49:33.6,0,650,#N/A,#N/A,0:11:54,714.176,1
pert-josh,M5@bmm,5,288,6609,3,567,NULL,1285391,1285391,1285391,0,LIMIT,SELL,1,495,2018-08-27T00:49:33.646,2018-08-27T00:49:33.657,49:33.6,0,650,#N/A,#N/A,0:11:54,714.183,-1
pert-josh,M5@bmm,5,288,6609,3,567,NULL,1285392,1285391,1285391,1285390,LIMIT,SELL,1,515,2018-08-27T00:49:33.653,2018-08-27T00:49:33.658,49:33.7,1,650,515,-135,0:11:54,714.19,-1
pert-josh,M5@bmm,5,288,6609,3,567,NULL,1285393,1285393,1285393,1285394,LIMIT,SELL,1,495,2018-08-27T00:49:33.962,2018-08-27T00:49:33.975,49:34.0,0,650,#N/A,#N/A,0:11:54,714.499,-1
pert-josh,M6@bmm,6,288,6609,3,567,NULL,1285394,1285386,1285389,1285393,LIMIT,BUY,1,495,2018-08-27T00:49:33.968,2018-08-27T00:49:33.975,49:34.0,1,650,495,-155,0:11:55,714.505,1
pert-josh,M6@bmm,6,288,6609,3,567,NULL,1285395,1285386,1285389,0,LIMIT,BUY,2,495,2018-08-27T00:49:29.015,2018-08-27T00:49:34.384,49:29.0,0,650,#N/A,#N/A,0:11:50,709.552,1
pert-josh,M5@bmm,5,288,6609,3,567,NULL,1285396,1285396,1285396,1285397,LIMIT,SELL,1,495,2018-08-27T00:49:34.370,2018-08-27T00:49:34.384,49:34.4,0,650,#N/A,#N/A,0:11:55,714.907,-1
pert-josh,M6@bmm,6,288,6609,3,567,NULL,1285397,1285386,1285395,1285396,LIMIT,BUY,1,495,2018-08-27T00:49:34.376,2018-08-27T00:49:34.384,49:34.4,1,650,495,-155,0:11:55,714.913,1
pert-josh,M6@bmm,6,288,6609,3,567,NULL,1285398,1285386,1285395,1285399,LIMIT,BUY,1,495,2018-08-27T00:49:29.015,2018-08-27T00:49:34.769,49:29.0,0,650,#N/A,#N/A,0:11:50,709.552,1
pert-josh,M5@bmm,5,288,6609,3,567,NULL,1285399,1285399,1285399,1285398,LIMIT,SELL,1,495,2018-08-27T00:49:34.761,2018-08-27T00:49:34.768,49:34.8,1,650,495,-155,0:11:55,715.298,-1
pert-josh,M3@bmm,3,288,6609,3,567,NULL,1285400,1285400,1285400,1285448,LIMIT,BUY,1,510,2018-08-27T00:49:38.095,2018-08-27T00:50:43.373,49:38.1,0,650,#N/A,#N/A,0:11:59,718.632,1
pert-josh,M8@bmm,8,288,6609,3,567,NULL,1285401,1285401,1285401,1285429,LIMIT,BUY,1,450,2018-08-27T00:49:39.091,2018-08-27T00:50:22.757,49:39.1,0,650,#N/A,#N/A,0:12:00,719.628,1
pert-josh,M8@bmm,8,288,6609,3,567,NULL,1285402,1285402,1285402,1285428,LIMIT,BUY,1,450,2018-08-27T00:49:40.132,2018-08-27T00:50:22.284,49:40.1,0,650,#N/A,#N/A,0:12:01,720.669,1
pert-josh,M8@bmm,8,288,6609,3,567,NULL,1285403,1285403,1285403,1285427,LIMIT,BUY,1,450,2018-08-27T00:49:41.748,2018-08-27T00:50:21.597,49:41.7,0,650,#N/A,#N/A,0:12:02,722.285,1
pert-josh,M8@bmm,8,288,6609,3,567,NULL,1285404,1285404,1285404,1285425,LIMIT,BUY,1,450,2018-08-27T00:49:42.525,2018-08-27T00:50:21.101,49:42.5,0,650,#N/A,#N/A,0:12:03,723.062,1
pert-josh,M8@bmm,8,288,6609,3,567,NULL,1285405,1285405,1285405,1285424,LIMIT,BUY,1,450,2018-08-27T00:49:43.740,2018-08-27T00:50:18.813,49:43.7,0,650,#N/A,#N/A,0:12:04,724.277,1
pert-josh,M2@bmm,2,288,6609,3,567,NULL,1285406,1285406,1285406,1285422,LIMIT,SELL,1,840,2018-08-27T00:49:43.807,2018-08-27T00:50:14.506,49:43.8,0,650,#N/A,#N/A,0:12:04,724.344,-1
pert-josh,M6@bmm,6,288,6609,3,567,NULL,1285407,1285407,1285407,NULL,LIMIT,BUY,4,470,2018-08-27T00:49:44.367,2018-08-27T00:49:44.371,49:44.4,0,650,#N/A,#N/A,0:12:05,724.904,1
pert-josh,M7@bmm,7,288,6609,3,567,NULL,1285408,1285408,1285408,1285412,LIMIT,SELL,1,640,2018-08-27T00:49:45.218,2018-08-27T00:50:01.775,49:45.2,0,650,#N/A,#N/A,0:12:06,725.755,-1
pert-josh,M1@bmm,1,288,6609,3,567,NULL,1285409,1285409,1285409,1285410,LIMIT,SELL,1,610,2018-08-27T00:49:47.711,2018-08-27T00:49:52.659,49:47.7,0,650,#N/A,#N/A,0:12:08,728.248,-1
pert-josh,M5@bmm,5,288,6609,3,567,NULL,1285410,1285410,1285410,1285409,LIMIT,BUY,1,610,2018-08-27T00:49:52.652,2018-08-27T00:49:52.659,49:52.7,1,650,610,-40,0:12:13,733.189,1
pert-josh,M5@bmm,5,288,6609,3,567,NULL,1285411,1285411,1285411,1285379,LIMIT,BUY,1,635,2018-08-27T00:49:56.325,2018-08-27T00:49:56.331,49:56.3,1,650,635,-15,0:12:17,736.862,1
pert-josh,M5@bmm,5,288,6609,3,567,NULL,1285412,1285412,1285412,1285408,LIMIT,BUY,1,640,2018-08-27T00:50:01.758,2018-08-27T00:50:01.775,50:01.8,1,650,640,-10,0:12:22,742.295,1
pert-josh,M1@bmm,1,288,6609,3,567,NULL,1285413,1285413,1285413,1285421,LIMIT,BUY,1,390,2018-08-27T00:50:04.144,2018-08-27T00:50:12.809,50:04.1,0,650,#N/A,#N/A,0:12:25,744.681,1
pert-josh,M5@bmm,5,288,6609,3,567,NULL,1285414,1285414,1285414,1285360,LIMIT,BUY,1,650,2018-08-27T00:50:05.670,2018-08-27T00:50:05.678,50:05.7,1,650,650,0,0:12:26,746.207,1
pert-josh,M5@bmm,5,288,6609,3,567,NULL,1285415,1285415,1285415,1285361,LIMIT,BUY,1,650,2018-08-27T00:50:06.988,2018-08-27T00:50:06.995,50:07.0,1,650,650,0,0:12:28,747.525,1
pert-josh,M5@bmm,5,288,6609,3,567,NULL,1285416,1285416,1285416,1285364,LIMIT,BUY,1,650,2018-08-27T00:50:07.764,2018-08-27T00:50:07.772,50:07.8,1,650,650,0,0:12:28,748.301,1
pert-josh,M5@bmm,5,288,6609,3,567,NULL,1285417,1285417,1285417,1285365,LIMIT,BUY,1,650,2018-08-27T00:50:08.378,2018-08-27T00:50:08.385,50:08.4,1,650,650,0,0:12:29,748.915,1
pert-josh,M5@bmm,5,288,6609,3,567,NULL,1285418,1285418,1285418,1285366,LIMIT,BUY,1,650,2018-08-27T00:50:08.908,2018-08-27T00:50:08.914,50:08.9,1,650,650,0,0:12:29,749.445,1
pert-josh,M5@bmm,5,288,6609,3,567,NULL,1285419,1285419,1285419,1285368,LIMIT,BUY,1,650,2018-08-27T00:50:09.589,2018-08-27T00:50:09.596,50:09.6,1,650,650,0,0:12:30,750.126,1
pert-josh,M2@bmm,2,288,6609,3,567,NULL,1285420,1285420,1285420,1285459,LIMIT,SELL,1,700,2018-08-27T00:50:11.040,2018-08-27T00:50:58.691,50:11.0,0,650,#N/A,#N/A,0:12:32,751.577,-1
pert-josh,M1@bmm,1,288,6609,3,567,NULL,1285421,1285413,1285413,1285413,CANCEL,BUY,1,390,2018-08-27T00:50:12.802,2018-08-27T00:50:12.808,50:12.8,0,650,#N/A,#N/A,0:12:33,753.339,1
pert-josh,M2@bmm,2,288,6609,3,567,NULL,1285422,1285406,1285406,1285406,CANCEL,SELL,1,840,2018-08-27T00:50:14.496,2018-08-27T00:50:14.505,50:14.5,0,650,#N/A,#N/A,0:12:35,755.033,-1
pert-josh,M1@bmm,1,288,6609,3,567,NULL,1285423,1285423,1285423,1285438,LIMIT,BUY,1,525,2018-08-27T00:50:18.728,2018-08-27T00:50:31.074,50:18.7,0,650,#N/A,#N/A,0:12:39,759.265,1
pert-josh,M8@bmm,8,288,6609,3,567,NULL,1285424,1285405,1285405,1285405,CANCEL,BUY,1,450,2018-08-27T00:50:18.807,2018-08-27T00:50:18.812,50:18.8,0,650,#N/A,#N/A,0:12:39,759.344,1
pert-josh,M8@bmm,8,288,6609,3,567,NULL,1285425,1285404,1285404,1285404,CANCEL,BUY,1,450,2018-08-27T00:50:21.095,2018-08-27T00:50:21.101,50:21.1,0,650,#N/A,#N/A,0:12:42,761.632,1
pert-josh,M8@bmm,8,288,6609,3,567,NULL,1285426,1285404,1285404,1285426,CANCEL,BUY,1,450,2018-08-27T00:50:21.345,2018-08-27T00:50:21.351,50:21.3,0,650,#N/A,#N/A,0:12:42,761.882,1
pert-josh,M8@bmm,8,288,6609,3,567,NULL,1285427,1285403,1285403,1285403,CANCEL,BUY,1,450,2018-08-27T00:50:21.591,2018-08-27T00:50:21.597,50:21.6,0,650,#N/A,#N/A,0:12:42,762.128,1
pert-josh,M8@bmm,8,288,6609,3,567,NULL,1285428,1285402,1285402,1285402,CANCEL,BUY,1,450,2018-08-27T00:50:22.278,2018-08-27T00:50:22.284,50:22.3,0,650,#N/A,#N/A,0:12:43,762.815,1
pert-josh,M8@bmm,8,288,6609,3,567,NULL,1285429,1285401,1285401,1285401,CANCEL,BUY,1,450,2018-08-27T00:50:22.751,2018-08-27T00:50:22.757,50:22.8,0,650,#N/A,#N/A,0:12:43,763.288,1
pert-josh,M4@bmm,4,288,6609,3,567,NULL,1285430,1285430,1285430,1285435,LIMIT,SELL,1,680,2018-08-27T00:50:23.734,2018-08-27T00:50:28.317,50:23.7,0,650,#N/A,#N/A,0:12:44,764.271,-1
pert-josh,M4@bmm,4,288,6609,3,567,NULL,1285431,1285431,1285431,1285436,LIMIT,SELL,1,680,2018-08-27T00:50:24.615,2018-08-27T00:50:30.491,50:24.6,0,650,#N/A,#N/A,0:12:45,765.152,-1
pert-josh,M4@bmm,4,288,6609,3,567,NULL,1285432,1285432,1285432,1285441,LIMIT,SELL,1,690,2018-08-27T00:50:26.624,2018-08-27T00:50:32.728,50:26.6,0,650,#N/A,#N/A,0:12:47,767.161,-1
pert-josh,M4@bmm,4,288,6609,3,567,NULL,1285433,1285433,1285433,1285450,LIMIT,SELL,1,690,2018-08-27T00:50:26.887,2018-08-27T00:50:49.665,50:26.9,0,650,#N/A,#N/A,0:12:47,767.424,-1
pert-josh,M4@bmm,4,288,6609,3,567,NULL,1285434,1285434,1285434,1285452,LIMIT,SELL,1,690,2018-08-27T00:50:27.132,2018-08-27T00:50:50.885,50:27.1,0,650,#N/A,#N/A,0:12:48,767.669,-1
pert-josh,M5@bmm,5,288,6609,3,567,NULL,1285435,1285435,1285435,1285430,LIMIT,BUY,1,680,2018-08-27T00:50:28.308,2018-08-27T00:50:28.317,50:28.3,1,650,680,30,0:12:49,768.845,1
pert-josh,M5@bmm,5,288,6609,3,567,NULL,1285436,1285436,1285436,1285431,LIMIT,BUY,1,680,2018-08-27T00:50:30.484,2018-08-27T00:50:30.491,50:30.5,1,650,680,30,0:12:51,771.021,1
pert-josh,M2@bmm,2,288,6609,3,567,NULL,1285437,1285437,1285437,0,LIMIT,SELL,1,515,2018-08-27T00:50:31.063,2018-08-27T00:50:31.074,50:31.1,0,650,#N/A,#N/A,0:12:52,771.6,-1
pert-josh,M2@bmm,2,288,6609,3,567,NULL,1285438,1285437,1285437,1285423,LIMIT,SELL,1,525,2018-08-27T00:50:31.070,2018-08-27T00:50:31.074,50:31.1,1,650,525,-125,0:12:52,771.607,-1
pert-josh,M4@bmm,4,288,6609,3,567,NULL,1285439,1285439,1285439,1285454,LIMIT,SELL,1,690,2018-08-27T00:50:31.863,2018-08-27T00:50:51.715,50:31.9,0,650,#N/A,#N/A,0:12:52,772.4,-1
pert-josh,M7@bmm,7,288,6609,3,567,NULL,1285440,1285440,1285440,1285528,LIMIT,SELL,1,700,2018-08-27T00:50:32.641,2018-08-27T00:52:26.886,50:32.6,0,650,#N/A,#N/A,0:12:53,773.178,-1
pert-josh,M5@bmm,5,288,6609,3,567,NULL,1285441,1285441,1285441,1285432,LIMIT,BUY,1,690,2018-08-27T00:50:32.722,2018-08-27T00:50:32.728,50:32.7,1,650,690,40,0:12:53,773.259,1
pert-josh,M1@bmm,1,288,6609,3,567,NULL,1285442,1285442,1285442,1285446,LIMIT,SELL,1,595,2018-08-27T00:50:33.071,2018-08-27T00:50:41.191,50:33.1,0,650,#N/A,#N/A,0:12:54,773.608,-1
pert-josh,M4@bmm,4,288,6609,3,567,NULL,1285443,1285443,1285443,1285518,LIMIT,SELL,1,700,2018-08-27T00:50:37.432,2018-08-27T00:52:20.789,50:37.4,0,650,#N/A,#N/A,0:12:58,777.969,-1
pert-josh,M8@bmm,8,288,6609,3,567,NULL,1285444,1285371,1285371,1285371,CANCEL,SELL,1,1000,2018-08-27T00:50:38.077,2018-08-27T00:50:38.083,50:38.1,0,650,#N/A,#N/A,0:12:59,778.614,-1
pert-josh,M3@bmm,3,288,6609,3,567,NULL,1285445,1285445,1285445,1285504,LIMIT,BUY,1,520,2018-08-27T00:50:40.151,2018-08-27T00:51:52.245,50:40.2,0,650,#N/A,#N/A,0:13:01,780.688,1
pert-josh,M1@bmm,1,288,6609,3,567,NULL,1285446,1285442,1285442,1285442,CANCEL,SELL,1,595,2018-08-27T00:50:41.185,2018-08-27T00:50:41.190,50:41.2,0,650,#N/A,#N/A,0:13:02,781.722,-1
pert-josh,M5@bmm,5,288,6609,3,567,NULL,1285447,1285447,1285447,1285457,LIMIT,BUY,1,595,2018-08-27T00:50:41.595,2018-08-27T00:50:54.409,50:41.6,0,650,#N/A,#N/A,0:13:02,782.132,1
pert-josh,M3@bmm,3,288,6609,3,567,NULL,1285448,1285400,1285400,1285400,CANCEL,BUY,1,510,2018-08-27T00:50:43.366,2018-08-27T00:50:43.372,50:43.4,0,650,#N/A,#N/A,0:13:04,783.903,1
pert-josh,M5@bmm,5,288,6609,3,567,NULL,1285449,1285449,1285449,0,LIMIT,BUY,1,695,2018-08-27T00:50:49.653,2018-08-27T00:50:49.664,50:49.7,0,650,#N/A,#N/A,0:13:10,790.19,1
pert-josh,M5@bmm,5,288,6609,3,567,NULL,1285450,1285449,1285449,1285433,LIMIT,BUY,1,690,2018-08-27T00:50:49.660,2018-08-27T00:50:49.665,50:49.7,1,650,690,40,0:13:10,790.197,1
pert-josh,M6@bmm,6,288,6609,3,567,NULL,1285451,1285451,1285451,NULL,LIMIT,BUY,3,495,2018-08-27T00:50:50.148,2018-08-27T00:50:50.151,50:50.1,0,650,#N/A,#N/A,0:13:11,790.685,1
pert-josh,M5@bmm,5,288,6609,3,567,NULL,1285452,1285452,1285452,1285434,LIMIT,BUY,1,690,2018-08-27T00:50:50.878,2018-08-27T00:50:50.885,50:50.9,1,650,690,40,0:13:11,791.415,1
pert-josh,M1@bmm,1,288,6609,3,567,NULL,1285453,1285453,1285453,1285458,LIMIT,SELL,1,695,2018-08-27T00:50:50.921,2018-08-27T00:50:56.403,50:50.9,0,650,#N/A,#N/A,0:13:11,791.458,-1
pert-josh,M5@bmm,5,288,6609,3,567,NULL,1285454,1285454,1285454,1285439,LIMIT,BUY,1,690,2018-08-27T00:50:51.708,2018-08-27T00:50:51.714,50:51.7,1,650,690,40,0:13:12,792.245,1
pert-josh,M5@bmm,5,288,6609,3,567,NULL,1285455,1285455,1285455,1285456,LIMIT,BUY,1,690,2018-08-27T00:50:52.594,2018-08-27T00:50:53.670,50:52.6,0,650,#N/A,#N/A,0:13:13,793.131,1
pert-josh,M5@bmm,5,288,6609,3,567,NULL,1285456,1285455,1285455,1285455,CANCEL,BUY,1,690,2018-08-27T00:50:53.663,2018-08-27T00:50:53.669,50:53.7,0,650,#N/A,#N/A,0:13:14,794.2,1
pert-josh,M5@bmm,5,288,6609,3,567,NULL,1285457,1285447,1285447,1285447,CANCEL,BUY,1,595,2018-08-27T00:50:54.403,2018-08-27T00:50:54.409,50:54.4,0,650,#N/A,#N/A,0:13:15,794.94,1
pert-josh,M5@bmm,5,288,6609,3,567,NULL,1285458,1285458,1285458,1285453,LIMIT,BUY,1,695,2018-08-27T00:50:56.395,2018-08-27T00:50:56.402,50:56.4,1,650,695,45,0:13:17,796.932,1
pert-josh,M5@bmm,5,288,6609,3,567,NULL,1285459,1285459,1285459,1285420,LIMIT,BUY,1,700,2018-08-27T00:50:58.684,2018-08-27T00:50:58.691,50:58.7,1,650,700,50,0:13:19,799.221,1
pert-josh,M2@bmm,2,288,6609,3,567,NULL,1285460,1285460,1285460,1285498,LIMIT,SELL,1,765,2018-08-27T00:51:03.145,2018-08-27T00:51:48.656,51:03.1,0,650,#N/A,#N/A,0:13:24,803.682,-1
pert-josh,M4@bmm,4,288,6609,3,567,NULL,1285461,1285461,1285461,1285501,LIMIT,BUY,1,600,2018-08-27T00:51:04.667,2018-08-27T00:51:50.994,51:04.7,0,650,#N/A,#N/A,0:13:25,805.204,1
pert-josh,M4@bmm,4,288,6609,3,567,NULL,1285462,1285462,1285462,1285502,LIMIT,BUY,1,600,2018-08-27T00:51:05.454,2018-08-27T00:51:50.994,51:05.5,0,650,#N/A,#N/A,0:13:26,805.991,1
pert-josh,M1@bmm,1,288,6609,3,567,NULL,1285463,1285463,1285463,1285476,LIMIT,SELL,1,695,2018-08-27T00:51:07.689,2018-08-27T00:51:27.870,51:07.7,0,650,#N/A,#N/A,0:13:28,808.226,-1
pert-josh,M4@bmm,4,288,6609,3,567,NULL,1285465,1285465,1285465,1285467,LIMIT,SELL,1,670,2018-08-27T00:51:21.279,2018-08-27T00:51:21.494,51:21.3,0,650,#N/A,#N/A,0:13:42,821.816,-1
pert-josh,M5@bmm,5,288,6609,3,567,NULL,1285466,1285466,1285466,0,LIMIT,BUY,1,695,2018-08-27T00:51:21.483,2018-08-27T00:51:21.493,51:21.5,0,650,#N/A,#N/A,0:13:42,822.02,1
pert-josh,M5@bmm,5,288,6609,3,567,NULL,1285467,1285466,1285466,1285465,LIMIT,BUY,1,670,2018-08-27T00:51:21.490,2018-08-27T00:51:21.494,51:21.5,1,650,670,20,0:13:42,822.027,1
pert-josh,M4@bmm,4,288,6609,3,567,NULL,1285468,1285468,1285468,1285474,LIMIT,SELL,1,670,2018-08-27T00:51:22.254,2018-08-27T00:51:26.955,51:22.3,0,650,#N/A,#N/A,0:13:43,822.791,-1
pert-josh,M4@bmm,4,288,6609,3,567,NULL,1285469,1285469,1285469,1285477,LIMIT,SELL,1,670,2018-08-27T00:51:23.560,2018-08-27T00:51:28.171,51:23.6,0,650,#N/A,#N/A,0:13:44,824.097,-1
pert-josh,M4@bmm,4,288,6609,3,567,NULL,1285470,1285470,1285470,1285478,LIMIT,SELL,1,670,2018-08-27T00:51:24.575,2018-08-27T00:51:28.778,51:24.6,0,650,#N/A,#N/A,0:13:45,825.112,-1
pert-josh,M4@bmm,4,288,6609,3,567,NULL,1285471,1285471,1285471,1285480,LIMIT,SELL,1,670,2018-08-27T00:51:25.815,2018-08-27T00:51:29.676,51:25.8,0,650,#N/A,#N/A,0:13:46,826.352,-1
pert-josh,M2@bmm,2,288,6609,3,567,NULL,1285472,1285472,1285472,1285506,LIMIT,SELL,1,755,2018-08-27T00:51:25.935,2018-08-27T00:51:59.776,51:25.9,0,650,#N/A,#N/A,0:13:46,826.472,-1
pert-josh,M4@bmm,4,288,6609,3,567,NULL,1285473,1285473,1285473,1285482,LIMIT,SELL,1,670,2018-08-27T00:51:26.312,2018-08-27T00:51:31.634,51:26.3,0,650,#N/A,#N/A,0:13:47,826.849,-1
pert-josh,M5@bmm,5,288,6609,3,567,NULL,1285474,1285474,1285474,1285468,LIMIT,BUY,1,670,2018-08-27T00:51:26.948,2018-08-27T00:51:26.955,51:26.9,1,650,670,20,0:13:47,827.485,1
pert-josh,M4@bmm,4,288,6609,3,567,NULL,1285475,1285475,1285475,1285484,LIMIT,SELL,1,670,2018-08-27T00:51:27.743,2018-08-27T00:51:32.850,51:27.7,0,650,#N/A,#N/A,0:13:48,828.28,-1
pert-josh,M1@bmm,1,288,6609,3,567,NULL,1285476,1285463,1285463,1285463,CANCEL,SELL,1,695,2018-08-27T00:51:27.864,2018-08-27T00:51:27.869,51:27.9,0,650,#N/A,#N/A,0:13:48,828.401,-1
pert-josh,M5@bmm,5,288,6609,3,567,NULL,1285477,1285477,1285477,1285469,LIMIT,BUY,1,670,2018-08-27T00:51:28.164,2018-08-27T00:51:28.171,51:28.2,1,650,670,20,0:13:49,828.701,1
pert-josh,M5@bmm,5,288,6609,3,567,NULL,1285478,1285478,1285478,1285470,LIMIT,BUY,1,670,2018-08-27T00:51:28.771,2018-08-27T00:51:28.778,51:28.8,1,650,670,20,0:13:49,829.308,1
pert-josh,M4@bmm,4,288,6609,3,567,NULL,1285479,1285479,1285479,1285485,LIMIT,SELL,1,670,2018-08-27T00:51:28.815,2018-08-27T00:51:34.475,51:28.8,0,650,#N/A,#N/A,0:13:49,829.352,-1
pert-josh,M5@bmm,5,288,6609,3,567,NULL,1285480,1285480,1285480,1285471,LIMIT,BUY,1,670,2018-08-27T00:51:29.667,2018-08-27T00:51:29.676,51:29.7,1,650,670,20,0:13:50,830.204,1
pert-josh,M1@bmm,1,288,6609,3,567,NULL,1285481,1285481,1285481,1285493,LIMIT,SELL,1,695,2018-08-27T00:51:30.817,2018-08-27T00:51:39.327,51:30.8,0,650,#N/A,#N/A,0:13:51,831.354,-1
pert-josh,M5@bmm,5,288,6609,3,567,NULL,1285482,1285482,1285482,1285473,LIMIT,BUY,1,670,2018-08-27T00:51:31.627,2018-08-27T00:51:31.633,51:31.6,1,650,670,20,0:13:52,832.164,1
pert-josh,M2@bmm,2,288,6609,3,567,NULL,1285483,1285369,1285369,1285369,CANCEL,SELL,1,800,2018-08-27T00:51:32.765,2018-08-27T00:51:32.770,51:32.8,0,650,#N/A,#N/A,0:13:53,833.302,-1
pert-josh,M5@bmm,5,288,6609,3,567,NULL,1285484,1285484,1285484,1285475,LIMIT,BUY,1,670,2018-08-27T00:51:32.843,2018-08-27T00:51:32.850,51:32.8,1,650,670,20,0:13:53,833.38,1
pert-josh,M5@bmm,5,288,6609,3,567,NULL,1285485,1285485,1285485,1285479,LIMIT,BUY,1,670,2018-08-27T00:51:34.469,2018-08-27T00:51:34.475,51:34.5,1,650,670,20,0:13:55,835.006,1
pert-josh,M4@bmm,4,288,6609,3,567,NULL,1285486,1285486,1285486,1285495,LIMIT,SELL,1,690,2018-08-27T00:51:36.639,2018-08-27T00:51:39.887,51:36.6,0,650,#N/A,#N/A,0:13:57,837.176,-1
pert-josh,M4@bmm,4,288,6609,3,567,NULL,1285487,1285487,1285487,1285509,LIMIT,SELL,1,690,2018-08-27T00:51:36.885,2018-08-27T00:52:03.013,51:36.9,0,650,#N/A,#N/A,0:13:57,837.422,-1
pert-josh,M4@bmm,4,288,6609,3,567,NULL,1285488,1285488,1285488,1285510,LIMIT,SELL,1,690,2018-08-27T00:51:37.133,2018-08-27T00:52:03.013,51:37.1,0,650,#N/A,#N/A,0:13:58,837.67,-1
pert-josh,M4@bmm,4,288,6609,3,567,NULL,1285489,1285489,1285489,NULL,LIMIT,SELL,1,690,2018-08-27T00:51:37.378,2018-08-27T00:51:37.381,51:37.4,0,650,#N/A,#N/A,0:13:58,837.915,-1
pert-josh,M4@bmm,4,288,6609,3,567,NULL,1285490,1285490,1285490,NULL,LIMIT,SELL,1,690,2018-08-27T00:51:37.463,2018-08-27T00:51:37.466,51:37.5,0,650,#N/A,#N/A,0:13:58,838,-1
pert-josh,M4@bmm,4,288,6609,3,567,NULL,1285491,1285491,1285491,NULL,LIMIT,SELL,1,690,2018-08-27T00:51:37.624,2018-08-27T00:51:37.627,51:37.6,0,650,#N/A,#N/A,0:13:58,838.161,-1
pert-josh,M4@bmm,4,288,6609,3,567,NULL,1285492,1285492,1285492,NULL,LIMIT,SELL,1,690,2018-08-27T00:51:37.672,2018-08-27T00:51:37.675,51:37.7,0,650,#N/A,#N/A,0:13:58,838.209,-1
pert-josh,M1@bmm,1,288,6609,3,567,NULL,1285493,1285481,1285481,1285481,CANCEL,SELL,1,695,2018-08-27T00:51:39.320,2018-08-27T00:51:39.327,51:39.3,0,650,#N/A,#N/A,0:14:00,839.857,-1
pert-josh,M5@bmm,5,288,6609,3,567,NULL,1285494,1285494,1285494,0,LIMIT,BUY,1,695,2018-08-27T00:51:39.876,2018-08-27T00:51:39.887,51:39.9,0,650,#N/A,#N/A,0:14:00,840.413,1
pert-josh,M5@bmm,5,288,6609,3,567,NULL,1285495,1285494,1285494,1285486,LIMIT,BUY,1,690,2018-08-27T00:51:39.883,2018-08-27T00:51:39.887,51:39.9,1,650,690,40,0:14:00,840.42,1
pert-josh,M2@bmm,2,288,6609,3,567,NULL,1285496,1285496,1285496,1285512,LIMIT,SELL,1,720,2018-08-27T00:51:45.441,2018-08-27T00:52:05.496,51:45.4,0,650,#N/A,#N/A,0:14:06,845.978,-1
pert-josh,M4@bmm,4,288,6609,3,567,NULL,1285497,1285497,1285497,1285521,LIMIT,SELL,1,695,2018-08-27T00:51:46.697,2018-08-27T00:52:21.975,51:46.7,0,650,#N/A,#N/A,0:14:07,847.234,-1
pert-josh,M2@bmm,2,288,6609,3,567,NULL,1285498,1285460,1285460,1285460,CANCEL,SELL,1,765,2018-08-27T00:51:48.650,2018-08-27T00:51:48.656,51:48.7,0,650,#N/A,#N/A,0:14:09,849.187,-1
pert-josh,M3@bmm,3,288,6609,3,567,NULL,1285499,1285499,1285499,1285526,LIMIT,BUY,1,540,2018-08-27T00:51:49.929,2018-08-27T00:52:25.412,51:49.9,0,650,#N/A,#N/A,0:14:10,850.466,1
pert-josh,M5@bmm,5,288,6609,3,567,NULL,1285500,1285500,1285500,0,LIMIT,SELL,2,600,2018-08-27T00:51:50.980,2018-08-27T00:51:50.994,51:51.0,0,650,#N/A,#N/A,0:14:12,851.517,-1
pert-josh,M5@bmm,5,288,6609,3,567,NULL,1285501,1285500,1285500,1285461,LIMIT,SELL,1,600,2018-08-27T00:51:50.986,2018-08-27T00:51:50.994,51:51.0,1,650,600,-50,0:14:12,851.523,-1
pert-josh,M5@bmm,5,288,6609,3,567,NULL,1285502,1285500,1285500,1285462,LIMIT,SELL,1,600,2018-08-27T00:51:50.990,2018-08-27T00:51:50.995,51:51.0,1,650,600,-50,0:14:12,851.527,-1
pert-josh,M1@bmm,1,288,6609,3,567,NULL,1285503,1285503,1285503,1285505,LIMIT,SELL,1,635,2018-08-27T00:51:51.896,2018-08-27T00:51:54.804,51:51.9,0,650,#N/A,#N/A,0:14:12,852.433,-1
pert-josh,M3@bmm,3,288,6609,3,567,NULL,1285504,1285445,1285445,1285445,CANCEL,BUY,1,520,2018-08-27T00:51:52.239,2018-08-27T00:51:52.245,51:52.2,0,650,#N/A,#N/A,0:14:13,852.776,1
pert-josh,M1@bmm,1,288,6609,3,567,NULL,1285505,1285503,1285503,1285503,CANCEL,SELL,1,635,2018-08-27T00:51:54.798,2018-08-27T00:51:54.804,51:54.8,0,650,#N/A,#N/A,0:14:15,855.335,-1
pert-josh,M2@bmm,2,288,6609,3,567,NULL,1285506,1285472,1285472,1285472,CANCEL,SELL,1,755,2018-08-27T00:51:59.769,2018-08-27T00:51:59.775,51:59.8,0,650,#N/A,#N/A,0:14:20,860.306,-1
pert-josh,M6@bmm,6,288,6609,3,567,NULL,1285507,1285359,1285359,1285359,CANCEL,SELL,2,705,2018-08-27T00:52:02.120,2018-08-27T00:52:02.126,52:02.1,0,650,#N/A,#N/A,0:14:23,862.657,-1
pert-josh,M5@bmm,5,288,6609,3,567,NULL,1285508,1285508,1285508,0,LIMIT,BUY,2,690,2018-08-27T00:52:02.999,2018-08-27T00:52:03.013,52:03.0,0,650,#N/A,#N/A,0:14:24,863.536,1
pert-josh,M5@bmm,5,288,6609,3,567,NULL,1285509,1285508,1285508,1285487,LIMIT,BUY,1,690,2018-08-27T00:52:03.005,2018-08-27T00:52:03.013,52:03.0,1,650,690,40,0:14:24,863.542,1
pert-josh,M5@bmm,5,288,6609,3,567,NULL,1285510,1285508,1285508,1285488,LIMIT,BUY,1,690,2018-08-27T00:52:03.009,2018-08-27T00:52:03.013,52:03.0,1,650,690,40,0:14:24,863.546,1
pert-josh,M8@bmm,8,288,6609,3,567,NULL,1285511,1285511,1285511,1285517,LIMIT,SELL,1,685,2018-08-27T00:52:03.947,2018-08-27T00:52:16.643,52:03.9,0,650,#N/A,#N/A,0:14:24,864.484,-1
pert-josh,M2@bmm,2,288,6609,3,567,NULL,1285512,1285496,1285496,1285496,CANCEL,SELL,1,720,2018-08-27T00:52:05.490,2018-08-27T00:52:05.496,52:05.5,0,650,#N/A,#N/A,0:14:26,866.027,-1
pert-josh,M4@bmm,4,288,6609,3,567,NULL,1285513,1285513,1285513,1285524,LIMIT,BUY,1,600,2018-08-27T00:52:09.084,2018-08-27T00:52:25.268,52:09.1,0,650,#N/A,#N/A,0:14:30,869.621,1
pert-josh,M4@bmm,4,288,6609,3,567,NULL,1285514,1285514,1285514,1285525,LIMIT,BUY,1,600,2018-08-27T00:52:10.178,2018-08-27T00:52:25.268,52:10.2,0,650,#N/A,#N/A,0:14:31,870.715,1
pert-josh,M8@bmm,8,288,6609,3,567,NULL,1285515,1285515,1285515,NULL,LIMIT,SELL,1,650,2018-08-27T00:52:14.013,2018-08-27T00:52:14.016,52:14.0,0,650,#N/A,#N/A,0:14:35,874.55,-1
pert-josh,M7@bmm,7,288,6609,3,567,NULL,1285516,1285516,1285516,1285520,LIMIT,BUY,1,610,2018-08-27T00:52:15.863,2018-08-27T00:52:21.480,52:15.9,0,650,#N/A,#N/A,0:14:36,876.4,1
pert-josh,M8@bmm,8,288,6609,3,567,NULL,1285517,1285511,1285511,1285511,CANCEL,SELL,1,685,2018-08-27T00:52:16.637,2018-08-27T00:52:16.643,52:16.6,0,650,#N/A,#N/A,0:14:37,877.174,-1
pert-josh,M4@bmm,4,288,6609,3,567,NULL,1285518,1285443,1285443,1285443,CANCEL,SELL,1,700,2018-08-27T00:52:20.783,2018-08-27T00:52:20.789,52:20.8,0,650,#N/A,#N/A,0:14:41,881.32,-1
pert-josh,M7@bmm,7,288,6609,3,567,NULL,1285520,1285516,1285516,1285516,CANCEL,BUY,1,610,2018-08-27T00:52:21.474,2018-08-27T00:52:21.480,52:21.5,0,650,#N/A,#N/A,0:14:42,882.011,1
pert-josh,M4@bmm,4,288,6609,3,567,NULL,1285521,1285497,1285497,1285497,CANCEL,SELL,1,695,2018-08-27T00:52:21.969,2018-08-27T00:52:21.975,52:22.0,0,650,#N/A,#N/A,0:14:43,882.506,-1
pert-josh,M5@bmm,5,288,6609,3,567,NULL,1285523,1285523,1285523,0,LIMIT,SELL,2,600,2018-08-27T00:52:25.253,2018-08-27T00:52:25.268,52:25.3,0,650,#N/A,#N/A,0:14:46,885.79,-1
pert-josh,M5@bmm,5,288,6609,3,567,NULL,1285524,1285523,1285523,1285513,LIMIT,SELL,1,600,2018-08-27T00:52:25.260,2018-08-27T00:52:25.268,52:25.3,1,650,600,-50,0:14:46,885.797,-1
pert-josh,M5@bmm,5,288,6609,3,567,NULL,1285525,1285523,1285523,1285514,LIMIT,SELL,1,600,2018-08-27T00:52:25.264,2018-08-27T00:52:25.268,52:25.3,1,650,600,-50,0:14:46,885.801,-1
pert-josh,M3@bmm,3,288,6609,3,567,NULL,1285526,1285499,1285499,1285499,CANCEL,BUY,1,540,2018-08-27T00:52:25.407,2018-08-27T00:52:25.412,52:25.4,0,650,#N/A,#N/A,0:14:46,885.944,1
pert-josh,M7@bmm,7,288,6609,3,567,NULL,1285528,1285440,1285440,1285440,CANCEL,SELL,1,700,2018-08-27T00:52:26.880,2018-08-27T00:52:26.886,52:26.9,0,650,#N/A,#N/A,0:14:47,887.417,-1
pert-josh,M3@bmm,3,288,6610,4,567,NULL,1285530,1285530,1285530,1285611,LIMIT,BUY,1,490,2018-08-27T00:53:05.058,2018-08-27T00:54:11.426,53:05.1,0,600,#N/A,#N/A,0:15:26,925.595,1
pert-josh,M8@bmm,8,288,6610,4,567,NULL,1285531,1285531,1285531,1285688,LIMIT,BUY,1,500,2018-08-27T00:53:05.422,2018-08-27T00:55:20.217,53:05.4,0,600,#N/A,#N/A,0:15:26,925.959,1
pert-josh,M8@bmm,8,288,6610,4,567,NULL,1285532,1285532,1285532,1285686,LIMIT,BUY,1,500,2018-08-27T00:53:05.796,2018-08-27T00:55:18.625,53:05.8,0,600,#N/A,#N/A,0:15:26,926.333,1
pert-josh,M8@bmm,8,288,6610,4,567,NULL,1285533,1285533,1285533,1285684,LIMIT,BUY,1,500,2018-08-27T00:53:06.180,2018-08-27T00:55:17.965,53:06.2,0,600,#N/A,#N/A,0:15:27,926.717,1
pert-josh,M8@bmm,8,288,6610,4,567,NULL,1285534,1285534,1285534,1285683,LIMIT,BUY,1,500,2018-08-27T00:53:06.598,2018-08-27T00:55:17.434,53:06.6,0,600,#N/A,#N/A,0:15:27,927.135,1
pert-josh,M8@bmm,8,288,6610,4,567,NULL,1285535,1285535,1285535,1285681,LIMIT,BUY,1,500,2018-08-27T00:53:06.860,2018-08-27T00:55:16.725,53:06.9,0,600,#N/A,#N/A,0:15:27,927.397,1
pert-josh,M4@bmm,4,288,6610,4,567,NULL,1285536,1285536,1285536,1285575,LIMIT,SELL,1,670,2018-08-27T00:53:06.962,2018-08-27T00:53:39.129,53:07.0,0,600,#N/A,#N/A,0:15:27,927.499,-1
pert-josh,M8@bmm,8,288,6610,4,567,NULL,1285537,1285537,1285537,1285680,LIMIT,BUY,1,500,2018-08-27T00:53:07.124,2018-08-27T00:55:16.282,53:07.1,0,600,#N/A,#N/A,0:15:28,927.661,1
pert-josh,M4@bmm,4,288,6610,4,567,NULL,1285538,1285538,1285538,1285576,LIMIT,SELL,1,670,2018-08-27T00:53:07.226,2018-08-27T00:53:40.326,53:07.2,0,600,#N/A,#N/A,0:15:28,927.763,-1
pert-josh,M8@bmm,8,288,6610,4,567,NULL,1285539,1285539,1285539,1285679,LIMIT,BUY,1,500,2018-08-27T00:53:07.380,2018-08-27T00:55:15.729,53:07.4,0,600,#N/A,#N/A,0:15:28,927.917,1
pert-josh,M4@bmm,4,288,6610,4,567,NULL,1285540,1285540,1285540,1285577,LIMIT,SELL,1,670,2018-08-27T00:53:07.512,2018-08-27T00:53:40.566,53:07.5,0,600,#N/A,#N/A,0:15:28,928.049,-1
pert-josh,M8@bmm,8,288,6610,4,567,NULL,1285541,1285541,1285541,1285677,LIMIT,BUY,1,500,2018-08-27T00:53:07.650,2018-08-27T00:55:14.843,53:07.6,0,600,#N/A,#N/A,0:15:28,928.187,1
pert-josh,M4@bmm,4,288,6610,4,567,NULL,1285542,1285542,1285542,1285636,LIMIT,SELL,1,670,2018-08-27T00:53:07.760,2018-08-27T00:54:32.079,53:07.8,0,600,#N/A,#N/A,0:15:28,928.297,-1
pert-josh,M8@bmm,8,288,6610,4,567,NULL,1285543,1285543,1285543,1285674,LIMIT,BUY,1,500,2018-08-27T00:53:07.890,2018-08-27T00:55:14.047,53:07.9,0,600,#N/A,#N/A,0:15:28,928.427,1
pert-josh,M4@bmm,4,288,6610,4,567,NULL,1285544,1285544,1285544,1285629,LIMIT,SELL,1,670,2018-08-27T00:53:08.009,2018-08-27T00:54:29.377,53:08.0,0,600,#N/A,#N/A,0:15:29,928.546,-1
pert-josh,M4@bmm,4,288,6610,4,567,NULL,1285545,1285545,1285545,1285628,LIMIT,SELL,1,670,2018-08-27T00:53:08.255,2018-08-27T00:54:28.778,53:08.3,0,600,#N/A,#N/A,0:15:29,928.792,-1
pert-josh,M8@bmm,8,288,6610,4,567,NULL,1285546,1285546,1285546,1285614,LIMIT,BUY,1,500,2018-08-27T00:53:08.276,2018-08-27T00:54:21.171,53:08.3,0,600,#N/A,#N/A,0:15:29,928.813,1
pert-josh,M4@bmm,4,288,6610,4,567,NULL,1285547,1285547,1285547,1285627,LIMIT,SELL,1,670,2018-08-27T00:53:08.706,2018-08-27T00:54:27.592,53:08.7,0,600,#N/A,#N/A,0:15:29,929.243,-1
pert-josh,M1@bmm,1,288,6610,4,567,NULL,1285548,1285548,1285548,1285552,LIMIT,SELL,1,530,2018-08-27T00:53:09.584,2018-08-27T00:53:14.691,53:09.6,0,600,#N/A,#N/A,0:15:30,930.121,-1
pert-josh,M2@bmm,2,288,6610,4,567,NULL,1285549,1285549,1285549,1285585,LIMIT,BUY,1,445,2018-08-27T00:53:12.542,2018-08-27T00:53:57.279,53:12.5,0,600,#N/A,#N/A,0:15:33,933.079,1
pert-josh,M3@bmm,3,288,6610,4,567,NULL,1285550,1285550,1285550,1285573,LIMIT,SELL,1,595,2018-08-27T00:53:14.014,2018-08-27T00:53:32.432,53:14.0,0,600,#N/A,#N/A,0:15:35,934.551,-1
pert-josh,M4@bmm,4,288,6610,4,567,NULL,1285551,1285551,1285551,0,LIMIT,BUY,1,540,2018-08-27T00:53:14.680,2018-08-27T00:53:14.691,53:14.7,0,600,#N/A,#N/A,0:15:35,935.217,1
pert-josh,M4@bmm,4,288,6610,4,567,NULL,1285552,1285551,1285551,1285548,LIMIT,BUY,1,530,2018-08-27T00:53:14.687,2018-08-27T00:53:14.692,53:14.7,1,600,530,-70,0:15:35,935.224,1
pert-josh,M2@bmm,2,288,6610,4,567,NULL,1285553,1285553,1285553,1285568,LIMIT,BUY,1,350,2018-08-27T00:53:17.499,2018-08-27T00:53:26.288,53:17.5,0,600,#N/A,#N/A,0:15:38,938.036,1
pert-josh,M6@bmm,6,288,6610,4,567,NULL,1285554,1285554,1285554,1285693,LIMIT,BUY,1,495,2018-08-27T00:53:17.572,2018-08-27T00:55:23.870,53:17.6,0,600,#N/A,#N/A,0:15:38,938.109,1
pert-josh,M4@bmm,4,288,6610,4,567,NULL,1285555,1285555,1285555,1285588,LIMIT,BUY,1,540,2018-08-27T00:53:17.993,2018-08-27T00:54:04.892,53:18.0,0,600,#N/A,#N/A,0:15:39,938.53,1
pert-josh,M4@bmm,4,288,6610,4,567,NULL,1285556,1285556,1285556,1285589,LIMIT,BUY,1,540,2018-08-27T00:53:18.649,2018-08-27T00:54:05.133,53:18.6,0,600,#N/A,#N/A,0:15:39,939.186,1
pert-josh,M4@bmm,4,288,6610,4,567,NULL,1285557,1285557,1285557,1285590,LIMIT,BUY,1,540,2018-08-27T00:53:20.611,2018-08-27T00:54:05.374,53:20.6,0,600,#N/A,#N/A,0:15:41,941.148,1
pert-josh,M4@bmm,4,288,6610,4,567,NULL,1285558,1285558,1285558,1285591,LIMIT,BUY,1,540,2018-08-27T00:53:21.122,2018-08-27T00:54:05.528,53:21.1,0,600,#N/A,#N/A,0:15:42,941.659,1
pert-josh,M4@bmm,4,288,6610,4,567,NULL,1285559,1285559,1285559,1285593,LIMIT,BUY,1,540,2018-08-27T00:53:21.773,2018-08-27T00:54:05.616,53:21.8,0,600,#N/A,#N/A,0:15:42,942.31,1
pert-josh,M7@bmm,7,288,6610,4,567,NULL,1285560,1285560,1285560,1285625,LIMIT,SELL,1,680,2018-08-27T00:53:22.313,2018-08-27T00:54:25.593,53:22.3,0,600,#N/A,#N/A,0:15:43,942.85,-1
pert-josh,M4@bmm,4,288,6610,4,567,NULL,1285561,1285561,1285561,1285594,LIMIT,BUY,1,540,2018-08-27T00:53:23.002,2018-08-27T00:54:05.768,53:23.0,0,600,#N/A,#N/A,0:15:44,943.539,1
pert-josh,M4@bmm,4,288,6610,4,567,NULL,1285562,1285562,1285562,1285595,LIMIT,BUY,1,540,2018-08-27T00:53:23.553,2018-08-27T00:54:05.903,53:23.6,0,600,#N/A,#N/A,0:15:44,944.09,1
pert-josh,M1@bmm,1,288,6610,4,567,NULL,1285563,1285563,1285563,1285565,LIMIT,BUY,1,590,2018-08-27T00:53:23.576,2018-08-27T00:53:23.694,53:23.6,0,600,#N/A,#N/A,0:15:44,944.113,1
pert-josh,M6@bmm,6,288,6610,4,567,NULL,1285564,1285564,1285564,0,LIMIT,SELL,1,570,2018-08-27T00:53:23.684,2018-08-27T00:53:23.694,53:23.7,0,600,#N/A,#N/A,0:15:44,944.221,-1
pert-josh,M6@bmm,6,288,6610,4,567,NULL,1285565,1285564,1285564,1285563,LIMIT,SELL,1,590,2018-08-27T00:53:23.690,2018-08-27T00:53:23.694,53:23.7,1,600,590,-10,0:15:44,944.227,-1
pert-josh,M2@bmm,2,288,6610,4,567,NULL,1285566,1285566,1285566,1285584,LIMIT,BUY,1,405,2018-08-27T00:53:24.625,2018-08-27T00:53:55.488,53:24.6,0,600,#N/A,#N/A,0:15:45,945.162,1
pert-josh,M4@bmm,4,288,6610,4,567,NULL,1285567,1285567,1285567,1285596,LIMIT,BUY,1,540,2018-08-27T00:53:25.443,2018-08-27T00:54:06.184,53:25.4,0,600,#N/A,#N/A,0:15:46,945.98,1
pert-josh,M2@bmm,2,288,6610,4,567,NULL,1285568,1285553,1285553,1285553,CANCEL,BUY,1,350,2018-08-27T00:53:26.282,2018-08-27T00:53:26.288,53:26.3,0,600,#N/A,#N/A,0:15:47,946.819,1
pert-josh,M4@bmm,4,288,6610,4,567,NULL,1285569,1285569,1285569,1285597,LIMIT,BUY,1,540,2018-08-27T00:53:26.360,2018-08-27T00:54:06.349,53:26.4,0,600,#N/A,#N/A,0:15:47,946.897,1
pert-josh,M6@bmm,6,288,6610,4,567,NULL,1285570,1285570,1285570,1285572,LIMIT,SELL,1,590,2018-08-27T00:53:29.301,2018-08-27T00:53:29.988,53:29.3,0,600,#N/A,#N/A,0:15:50,949.838,-1
pert-josh,M5@bmm,5,288,6610,4,567,NULL,1285571,1285571,1285571,0,LIMIT,BUY,1,595,2018-08-27T00:53:29.977,2018-08-27T00:53:29.988,53:30.0,0,600,#N/A,#N/A,0:15:51,950.514,1
pert-josh,M5@bmm,5,288,6610,4,567,NULL,1285572,1285571,1285571,1285570,LIMIT,BUY,1,590,2018-08-27T00:53:29.983,2018-08-27T00:53:29.988,53:30.0,1,600,590,-10,0:15:51,950.52,1
pert-josh,M5@bmm,5,288,6610,4,567,NULL,1285573,1285573,1285573,1285550,LIMIT,BUY,1,595,2018-08-27T00:53:32.425,2018-08-27T00:53:32.432,53:32.4,1,600,595,-5,0:15:53,952.962,1
pert-josh,M1@bmm,1,288,6610,4,567,NULL,1285574,1285574,1285574,1285580,LIMIT,BUY,1,590,2018-08-27T00:53:34.105,2018-08-27T00:53:51.207,53:34.1,0,600,#N/A,#N/A,0:15:55,954.642,1
pert-josh,M5@bmm,5,288,6610,4,567,NULL,1285575,1285575,1285575,1285536,LIMIT,BUY,1,670,2018-08-27T00:53:39.121,2018-08-27T00:53:39.129,53:39.1,1,600,670,70,0:16:00,959.658,1
pert-josh,M5@bmm,5,288,6610,4,567,NULL,1285576,1285576,1285576,1285538,LIMIT,BUY,1,670,2018-08-27T00:53:40.319,2018-08-27T00:53:40.326,53:40.3,1,600,670,70,0:16:01,960.856,1
pert-josh,M5@bmm,5,288,6610,4,567,NULL,1285577,1285577,1285577,1285540,LIMIT,BUY,1,670,2018-08-27T00:53:40.559,2018-08-27T00:53:40.566,53:40.6,1,600,670,70,0:16:01,961.096,1
pert-josh,M2@bmm,2,288,6610,4,567,NULL,1285578,1285578,1285578,1285709,LIMIT,SELL,1,665,2018-08-27T00:53:42.309,2018-08-27T00:55:34.329,53:42.3,0,600,#N/A,#N/A,0:16:03,962.846,-1
pert-josh,M1@bmm,1,288,6610,4,567,NULL,1285579,1285579,1285579,1285669,LIMIT,SELL,1,695,2018-08-27T00:53:48.788,2018-08-27T00:55:03.696,53:48.8,0,600,#N/A,#N/A,0:16:09,969.325,-1
pert-josh,M5@bmm,5,288,6610,4,567,NULL,1285580,1285580,1285580,1285574,LIMIT,SELL,1,590,2018-08-27T00:53:51.200,2018-08-27T00:53:51.207,53:51.2,1,600,590,-10,0:16:12,971.737,-1
pert-josh,M5@bmm,5,288,6610,4,567,NULL,1285581,1285581,1285581,1285583,LIMIT,SELL,1,590,2018-08-27T00:53:52.313,2018-08-27T00:53:54.504,53:52.3,0,600,#N/A,#N/A,0:16:13,972.85,-1
pert-josh,M2@bmm,2,288,6610,4,567,NULL,1285582,1285582,1285582,1285687,LIMIT,BUY,1,515,2018-08-27T00:53:54.265,2018-08-27T00:55:20.167,53:54.3,0,600,#N/A,#N/A,0:16:15,974.802,1
pert-josh,M5@bmm,5,288,6610,4,567,NULL,1285583,1285581,1285581,1285581,CANCEL,SELL,1,590,2018-08-27T00:53:54.498,2018-08-27T00:53:54.504,53:54.5,0,600,#N/A,#N/A,0:16:15,975.035,-1
pert-josh,M2@bmm,2,288,6610,4,567,NULL,1285584,1285566,1285566,1285566,CANCEL,BUY,1,405,2018-08-27T00:53:55.482,2018-08-27T00:53:55.488,53:55.5,0,600,#N/A,#N/A,0:16:16,976.019,1
pert-josh,M2@bmm,2,288,6610,4,567,NULL,1285585,1285549,1285549,1285549,CANCEL,BUY,1,445,2018-08-27T00:53:57.272,2018-08-27T00:53:57.279,53:57.3,0,600,#N/A,#N/A,0:16:18,977.809,1
pert-josh,M4@bmm,4,288,6610,4,567,NULL,1285586,1285586,1285586,1285689,LIMIT,SELL,1,650,2018-08-27T00:54:04.036,2018-08-27T00:55:20.488,54:04.0,0,600,#N/A,#N/A,0:16:25,984.573,-1
pert-josh,M4@bmm,4,288,6610,4,567,NULL,1285587,1285587,1285587,1285692,LIMIT,SELL,1,650,2018-08-27T00:54:04.810,2018-08-27T00:55:23.808,54:04.8,0,600,#N/A,#N/A,0:16:25,985.347,-1
pert-josh,M5@bmm,5,288,6610,4,567,NULL,1285588,1285588,1285588,1285555,LIMIT,SELL,1,540,2018-08-27T00:54:04.885,2018-08-27T00:54:04.892,54:04.9,1,600,540,-60,0:16:25,985.422,-1
pert-josh,M5@bmm,5,288,6610,4,567,NULL,1285589,1285589,1285589,1285556,LIMIT,SELL,1,540,2018-08-27T00:54:05.127,2018-08-27T00:54:05.133,54:05.1,1,600,540,-60,0:16:26,985.664,-1
pert-josh,M5@bmm,5,288,6610,4,567,NULL,1285590,1285590,1285590,1285557,LIMIT,SELL,1,540,2018-08-27T00:54:05.368,2018-08-27T00:54:05.374,54:05.4,1,600,540,-60,0:16:26,985.905,-1
pert-josh,M5@bmm,5,288,6610,4,567,NULL,1285591,1285591,1285591,1285558,LIMIT,SELL,1,540,2018-08-27T00:54:05.521,2018-08-27T00:54:05.528,54:05.5,1,600,540,-60,0:16:26,986.058,-1
pert-josh,M4@bmm,4,288,6610,4,567,NULL,1285592,1285592,1285592,1285698,LIMIT,SELL,1,650,2018-08-27T00:54:05.544,2018-08-27T00:55:24.898,54:05.5,0,600,#N/A,#N/A,0:16:26,986.081,-1
pert-josh,M5@bmm,5,288,6610,4,567,NULL,1285593,1285593,1285593,1285559,LIMIT,SELL,1,540,2018-08-27T00:54:05.609,2018-08-27T00:54:05.616,54:05.6,1,600,540,-60,0:16:26,986.146,-1
pert-josh,M5@bmm,5,288,6610,4,567,NULL,1285594,1285594,1285594,1285561,LIMIT,SELL,1,540,2018-08-27T00:54:05.761,2018-08-27T00:54:05.768,54:05.8,1,600,540,-60,0:16:26,986.298,-1
pert-josh,M5@bmm,5,288,6610,4,567,NULL,1285595,1285595,1285595,1285562,LIMIT,SELL,1,540,2018-08-27T00:54:05.896,2018-08-27T00:54:05.903,54:05.9,1,600,540,-60,0:16:26,986.433,-1
pert-josh,M5@bmm,5,288,6610,4,567,NULL,1285596,1285596,1285596,1285567,LIMIT,SELL,1,540,2018-08-27T00:54:06.177,2018-08-27T00:54:06.184,54:06.2,1,600,540,-60,0:16:27,986.714,-1
pert-josh,M5@bmm,5,288,6610,4,567,NULL,1285597,1285597,1285597,1285569,LIMIT,SELL,1,540,2018-08-27T00:54:06.342,2018-08-27T00:54:06.349,54:06.3,1,600,540,-60,0:16:27,986.879,-1
pert-josh,M4@bmm,4,288,6610,4,567,NULL,1285598,1285598,1285598,1285703,LIMIT,SELL,1,650,2018-08-27T00:54:06.386,2018-08-27T00:55:25.193,54:06.4,0,600,#N/A,#N/A,0:16:27,986.923,-1
