account,email,owner,marketplace,session,period,market,target,order,original,supplier,consumer,type,side,units,price,createdDate,lastModifiedDate,16. just time,17. just second,,trade,fair value,trade price,mispricing,time mins,time secs,buy/sell
pert-josh,M3@bmm,3,288,6708,1,567,NULL,1318929,1318929,1318929,1318936,LIMIT,BUY,1,310,2018-08-31T07:32:25.662,2018-08-31T07:32:51.036,,32:25.7,7:32:25,0,750,#N/A,#N/A,0:00:00,0,1
pert-josh,M8@bmm,8,288,6708,1,567,NULL,1318930,1318930,1318930,1318969,LIMIT,BUY,1,500,2018-08-31T07:32:32.795,2018-08-31T07:33:41.520,,32:32.8,7:32:32,0,750,#N/A,#N/A,0:00:07,7.13,1
pert-josh,M5@bmm,5,288,6708,1,567,NULL,1318931,1318931,1318931,1318932,LIMIT,SELL,1,560,2018-08-31T07:32:38.186,2018-08-31T07:32:42.694,,32:38.2,7:32:38,0,750,#N/A,#N/A,0:00:13,12.52,-1
pert-josh,M8@bmm,8,288,6708,1,567,NULL,1318932,1318932,1318932,1318931,LIMIT,BUY,1,560,2018-08-31T07:32:42.689,2018-08-31T07:32:42.694,,32:42.7,7:32:42,1,750,560,-190,0:00:17,17.03,1
pert-josh,M4@bmm,4,288,6708,1,567,NULL,1318933,1318933,1318933,1318984,LIMIT,BUY,1,500,2018-08-31T07:32:44.901,2018-08-31T07:34:18.585,,32:44.9,7:32:44,0,750,#N/A,#N/A,0:00:19,19.24,1
pert-josh,M8@bmm,8,288,6708,1,567,NULL,1318934,1318934,1318934,1318967,LIMIT,BUY,1,560,2018-08-31T07:32:48.120,2018-08-31T07:33:38.760,,32:48.1,7:32:48,0,750,#N/A,#N/A,0:00:22,22.46,1
pert-josh,M3@bmm,3,288,6708,1,567,NULL,1318935,1318935,1318935,1318983,LIMIT,BUY,1,505,2018-08-31T07:32:48.897,2018-08-31T07:34:16.588,,32:48.9,7:32:48,0,750,#N/A,#N/A,0:00:23,23.24,1
pert-josh,M3@bmm,3,288,6708,1,567,NULL,1318936,1318929,1318929,1318929,CANCEL,BUY,1,310,2018-08-31T07:32:51.031,2018-08-31T07:32:51.036,,32:51.0,7:32:51,0,750,#N/A,#N/A,0:00:25,25.37,1
pert-josh,M7@bmm,7,288,6708,1,567,NULL,1318937,1318937,1318937,1318939,LIMIT,SELL,1,570,2018-08-31T07:32:51.057,2018-08-31T07:32:53.398,,32:51.1,7:32:51,0,750,#N/A,#N/A,0:00:25,25.4,-1
pert-josh,M6@bmm,6,288,6708,1,567,NULL,1318938,1318938,1318938,0,LIMIT,BUY,1,575,2018-08-31T07:32:53.389,2018-08-31T07:32:53.398,,32:53.4,7:32:53,0,750,#N/A,#N/A,0:00:28,27.73,1
pert-josh,M6@bmm,6,288,6708,1,567,NULL,1318939,1318938,1318938,1318937,LIMIT,BUY,1,570,2018-08-31T07:32:53.394,2018-08-31T07:32:53.398,,32:53.4,7:32:53,1,750,570,-180,0:00:28,27.73,1
pert-josh,M8@bmm,8,288,6708,1,567,NULL,1318940,1318940,1318940,1318966,LIMIT,BUY,1,570,2018-08-31T07:32:53.694,2018-08-31T07:33:37.554,,32:53.7,7:32:53,0,750,#N/A,#N/A,0:00:28,28.03,1
pert-josh,M6@bmm,6,288,6708,1,567,NULL,1318941,1318941,1318941,1318970,LIMIT,BUY,1,575,2018-08-31T07:33:00.169,2018-08-31T07:33:46.165,,33:00.2,7:33:00,0,750,#N/A,#N/A,0:00:35,34.51,1
pert-josh,M2@bmm,2,288,6708,1,567,NULL,1318942,1318942,1318942,1318943,LIMIT,SELL,1,605,2018-08-31T07:33:02.041,2018-08-31T07:33:05.328,,33:02.0,7:33:02,0,750,#N/A,#N/A,0:00:36,36.38,-1
pert-josh,M3@bmm,3,288,6708,1,567,NULL,1318943,1318943,1318943,1318942,LIMIT,BUY,1,605,2018-08-31T07:33:05.323,2018-08-31T07:33:05.328,,33:05.3,7:33:05,1,750,605,-145,0:00:40,39.66,1
pert-josh,M8@bmm,8,288,6708,1,567,NULL,1318944,1318944,1318944,1318954,LIMIT,BUY,1,605,2018-08-31T07:33:05.511,2018-08-31T07:33:19.016,,33:05.5,7:33:05,0,750,#N/A,#N/A,0:00:40,39.85,1
pert-josh,M2@bmm,2,288,6708,1,567,NULL,1318945,1318945,1318945,1318950,LIMIT,SELL,1,1000,2018-08-31T07:33:08.304,2018-08-31T07:33:16.433,,33:08.3,7:33:08,0,750,#N/A,#N/A,0:00:43,42.64,-1
pert-josh,M7@bmm,7,288,6708,1,567,NULL,1318946,1318946,1318946,1319061,LIMIT,BUY,1,545,2018-08-31T07:33:10.659,2018-08-31T07:36:47.788,,33:10.7,7:33:10,0,750,#N/A,#N/A,0:00:45,45,1
pert-josh,M8@bmm,8,288,6708,1,567,NULL,1318947,1318947,1318947,1318949,LIMIT,BUY,1,640,2018-08-31T07:33:14.159,2018-08-31T07:33:16.010,,33:14.2,7:33:14,0,750,#N/A,#N/A,0:00:48,48.5,1
pert-josh,M1@bmm,1,288,6708,1,567,NULL,1318948,1318948,1318948,0,LIMIT,SELL,1,610,2018-08-31T07:33:16.002,2018-08-31T07:33:16.010,,33:16.0,7:33:16,0,750,#N/A,#N/A,0:00:50,50.34,-1
pert-josh,M1@bmm,1,288,6708,1,567,NULL,1318949,1318948,1318948,1318947,LIMIT,SELL,1,640,2018-08-31T07:33:16.007,2018-08-31T07:33:16.010,,33:16.0,7:33:16,1,750,640,-110,0:00:50,50.35,-1
pert-josh,M2@bmm,2,288,6708,1,567,NULL,1318950,1318945,1318945,1318945,CANCEL,SELL,1,1000,2018-08-31T07:33:16.429,2018-08-31T07:33:16.433,,33:16.4,7:33:16,0,750,#N/A,#N/A,0:00:51,50.77,-1
pert-josh,M3@bmm,3,288,6708,1,567,NULL,1318951,1318951,1318951,1318955,LIMIT,SELL,1,845,2018-08-31T07:33:17.450,2018-08-31T07:33:22.315,,33:17.4,7:33:17,0,750,#N/A,#N/A,0:00:52,51.79,-1
pert-josh,M7@bmm,7,288,6708,1,567,NULL,1318952,1318952,1318952,NULL,LIMIT,BUY,1,560,2018-08-31T07:33:17.802,2018-08-31T07:33:17.804,,33:17.8,7:33:17,0,750,#N/A,#N/A,0:00:52,52.14,1
pert-josh,M2@bmm,2,288,6708,1,567,NULL,1318953,1318953,1318953,0,LIMIT,SELL,1,585,2018-08-31T07:33:19.008,2018-08-31T07:33:19.016,,33:19.0,7:33:19,0,750,#N/A,#N/A,0:00:53,53.35,-1
pert-josh,M2@bmm,2,288,6708,1,567,NULL,1318954,1318953,1318953,1318944,LIMIT,SELL,1,605,2018-08-31T07:33:19.013,2018-08-31T07:33:19.016,,33:19.0,7:33:19,1,750,605,-145,0:00:53,53.35,-1
pert-josh,M3@bmm,3,288,6708,1,567,NULL,1318955,1318951,1318951,1318951,CANCEL,SELL,1,845,2018-08-31T07:33:22.311,2018-08-31T07:33:22.315,,33:22.3,7:33:22,0,750,#N/A,#N/A,0:00:57,56.65,-1
pert-josh,M6@bmm,6,288,6708,1,567,NULL,1318956,1318956,1318956,1319015,LIMIT,SELL,1,760,2018-08-31T07:33:23.593,2018-08-31T07:35:35.068,,33:23.6,7:33:23,0,750,#N/A,#N/A,0:00:58,57.93,-1
pert-josh,M2@bmm,2,288,6708,1,567,NULL,1318957,1318957,1318957,1318960,LIMIT,SELL,1,585,2018-08-31T07:33:23.602,2018-08-31T07:33:26.832,,33:23.6,7:33:23,0,750,#N/A,#N/A,0:00:58,57.94,-1
pert-josh,M3@bmm,3,288,6708,1,567,NULL,1318958,1318958,1318958,1318968,LIMIT,SELL,1,995,2018-08-31T07:33:23.802,2018-08-31T07:33:39.213,,33:23.8,7:33:23,0,750,#N/A,#N/A,0:00:58,58.14,-1
pert-josh,M8@bmm,8,288,6708,1,567,NULL,1318959,1318959,1318959,0,LIMIT,BUY,1,640,2018-08-31T07:33:26.825,2018-08-31T07:33:26.832,,33:26.8,7:33:26,0,750,#N/A,#N/A,0:01:01,61.16,1
pert-josh,M8@bmm,8,288,6708,1,567,NULL,1318960,1318959,1318959,1318957,LIMIT,BUY,1,585,2018-08-31T07:33:26.829,2018-08-31T07:33:26.832,,33:26.8,7:33:26,1,750,585,-165,0:01:01,61.17,1
pert-josh,M2@bmm,2,288,6708,1,567,NULL,1318961,1318961,1318961,1318963,LIMIT,SELL,1,585,2018-08-31T07:33:28.968,2018-08-31T07:33:30.370,,33:29.0,7:33:28,0,750,#N/A,#N/A,0:01:03,63.31,-1
pert-josh,M6@bmm,6,288,6708,1,567,NULL,1318962,1318962,1318962,0,LIMIT,BUY,1,680,2018-08-31T07:33:30.361,2018-08-31T07:33:30.370,,33:30.4,7:33:30,0,750,#N/A,#N/A,0:01:05,64.7,1
pert-josh,M6@bmm,6,288,6708,1,567,NULL,1318963,1318962,1318962,1318961,LIMIT,BUY,1,585,2018-08-31T07:33:30.366,2018-08-31T07:33:30.370,,33:30.4,7:33:30,1,750,585,-165,0:01:05,64.7,1
pert-josh,M8@bmm,8,288,6708,1,567,NULL,1318964,1318964,1318964,NULL,LIMIT,BUY,1,640,2018-08-31T07:33:30.390,2018-08-31T07:33:30.392,,33:30.4,7:33:30,0,750,#N/A,#N/A,0:01:05,64.73,1
pert-josh,M3@bmm,3,288,6708,1,567,NULL,1318965,1318965,1318965,1318997,LIMIT,SELL,1,830,2018-08-31T07:33:37.147,2018-08-31T07:34:50.964,,33:37.1,7:33:37,0,750,#N/A,#N/A,0:01:11,71.48,-1
pert-josh,M8@bmm,8,288,6708,1,567,NULL,1318966,1318940,1318940,1318940,CANCEL,BUY,1,570,2018-08-31T07:33:37.550,2018-08-31T07:33:37.554,,33:37.5,7:33:37,0,750,#N/A,#N/A,0:01:12,71.89,1
pert-josh,M8@bmm,8,288,6708,1,567,NULL,1318967,1318934,1318934,1318934,CANCEL,BUY,1,560,2018-08-31T07:33:38.756,2018-08-31T07:33:38.759,,33:38.8,7:33:38,0,750,#N/A,#N/A,0:01:13,73.09,1
pert-josh,M3@bmm,3,288,6708,1,567,NULL,1318968,1318958,1318958,1318958,CANCEL,SELL,1,995,2018-08-31T07:33:39.209,2018-08-31T07:33:39.213,,33:39.2,7:33:39,0,750,#N/A,#N/A,0:01:14,73.55,-1
pert-josh,M8@bmm,8,288,6708,1,567,NULL,1318969,1318930,1318930,1318930,CANCEL,BUY,1,500,2018-08-31T07:33:41.513,2018-08-31T07:33:41.520,,33:41.5,7:33:41,0,750,#N/A,#N/A,0:01:16,75.85,1
pert-josh,M6@bmm,6,288,6708,1,567,NULL,1318970,1318941,1318941,1318941,CANCEL,BUY,1,575,2018-08-31T07:33:46.161,2018-08-31T07:33:46.165,,33:46.2,7:33:46,0,750,#N/A,#N/A,0:01:20,80.5,1
pert-josh,M2@bmm,2,288,6708,1,567,NULL,1318971,1318971,1318971,1318981,LIMIT,BUY,1,645,2018-08-31T07:33:46.264,2018-08-31T07:34:09.410,,33:46.3,7:33:46,0,750,#N/A,#N/A,0:01:21,80.6,1
pert-josh,M4@bmm,4,288,6708,1,567,NULL,1318972,1318972,1318972,1318974,LIMIT,BUY,1,700,2018-08-31T07:33:47.919,2018-08-31T07:33:54.177,,33:47.9,7:33:47,0,750,#N/A,#N/A,0:01:22,82.26,1
pert-josh,M2@bmm,2,288,6708,1,567,NULL,1318973,1318973,1318973,0,LIMIT,SELL,1,670,2018-08-31T07:33:54.168,2018-08-31T07:33:54.176,,33:54.2,7:33:54,0,750,#N/A,#N/A,0:01:29,88.51,-1
pert-josh,M2@bmm,2,288,6708,1,567,NULL,1318974,1318973,1318973,1318972,LIMIT,SELL,1,700,2018-08-31T07:33:54.173,2018-08-31T07:33:54.177,,33:54.2,7:33:54,1,750,700,-50,0:01:29,88.51,-1
pert-josh,M1@bmm,1,288,6708,1,567,NULL,1318975,1318975,1318975,1318992,LIMIT,SELL,1,750,2018-08-31T07:33:57.161,2018-08-31T07:34:41.774,,33:57.2,7:33:57,0,750,#N/A,#N/A,0:01:31,91.5,-1
pert-josh,M6@bmm,6,288,6708,1,567,NULL,1318976,1318976,1318976,1318979,LIMIT,BUY,1,745,2018-08-31T07:34:00.754,2018-08-31T07:34:02.952,,34:00.8,7:34:00,0,750,#N/A,#N/A,0:01:35,95.09,1
pert-josh,M8@bmm,8,288,6708,1,567,NULL,1318977,1318977,1318977,NULL,LIMIT,BUY,1,700,2018-08-31T07:34:01.560,2018-08-31T07:34:01.562,,34:01.6,7:34:01,0,750,#N/A,#N/A,0:01:36,95.9,1
pert-josh,M2@bmm,2,288,6708,1,567,NULL,1318978,1318978,1318978,0,LIMIT,SELL,1,740,2018-08-31T07:34:02.945,2018-08-31T07:34:02.952,,34:02.9,7:34:02,0,750,#N/A,#N/A,0:01:37,97.28,-1
pert-josh,M2@bmm,2,288,6708,1,567,NULL,1318979,1318978,1318978,1318976,LIMIT,SELL,1,745,2018-08-31T07:34:02.949,2018-08-31T07:34:02.952,,34:02.9,7:34:02,1,750,745,-5,0:01:37,97.29,-1
pert-josh,M4@bmm,4,288,6708,1,567,NULL,1318980,1318980,1318980,1319055,LIMIT,BUY,1,705,2018-08-31T07:34:07.112,2018-08-31T07:36:43.019,,34:07.1,7:34:07,0,750,#N/A,#N/A,0:01:41,101.45,1
pert-josh,M2@bmm,2,288,6708,1,567,NULL,1318981,1318971,1318971,1318971,CANCEL,BUY,1,645,2018-08-31T07:34:09.406,2018-08-31T07:34:09.410,,34:09.4,7:34:09,0,750,#N/A,#N/A,0:01:44,103.74,1
pert-josh,M6@bmm,6,288,6708,1,567,NULL,1318982,1318982,1318982,1318990,LIMIT,BUY,1,745,2018-08-31T07:34:13.770,2018-08-31T07:34:39.978,,34:13.8,7:34:13,0,750,#N/A,#N/A,0:01:48,108.11,1
pert-josh,M3@bmm,3,288,6708,1,567,NULL,1318983,1318935,1318935,1318935,CANCEL,BUY,1,505,2018-08-31T07:34:16.584,2018-08-31T07:34:16.588,,34:16.6,7:34:16,0,750,#N/A,#N/A,0:01:51,110.92,1
pert-josh,M4@bmm,4,288,6708,1,567,NULL,1318984,1318933,1318933,1318933,CANCEL,BUY,1,500,2018-08-31T07:34:18.580,2018-08-31T07:34:18.584,,34:18.6,7:34:18,0,750,#N/A,#N/A,0:01:53,112.92,1
pert-josh,M5@bmm,5,288,6708,1,567,NULL,1318985,1318985,1318985,1318988,LIMIT,SELL,1,750,2018-08-31T07:34:25.250,2018-08-31T07:34:32.442,,34:25.2,7:34:25,0,750,#N/A,#N/A,0:02:00,119.59,-1
pert-josh,M2@bmm,2,288,6708,1,567,NULL,1318986,1318986,1318986,1319000,LIMIT,BUY,1,745,2018-08-31T07:34:26.657,2018-08-31T07:35:03.119,,34:26.7,7:34:26,0,750,#N/A,#N/A,0:02:01,121,1
pert-josh,M2@bmm,2,288,6708,1,567,NULL,1318987,1318987,1318987,1319001,LIMIT,SELL,1,750,2018-08-31T07:34:29.273,2018-08-31T07:35:05.487,,34:29.3,7:34:29,0,750,#N/A,#N/A,0:02:04,123.61,-1
pert-josh,M5@bmm,5,288,6708,1,567,NULL,1318988,1318985,1318985,1318985,CANCEL,SELL,1,750,2018-08-31T07:34:32.438,2018-08-31T07:34:32.442,,34:32.4,7:34:32,0,750,#N/A,#N/A,0:02:07,126.78,-1
pert-josh,M5@bmm,5,288,6708,1,567,NULL,1318989,1318989,1318989,0,LIMIT,SELL,1,735,2018-08-31T07:34:39.969,2018-08-31T07:34:39.977,,34:40.0,7:34:39,0,750,#N/A,#N/A,0:02:14,134.31,-1
pert-josh,M5@bmm,5,288,6708,1,567,NULL,1318990,1318989,1318989,1318982,LIMIT,SELL,1,745,2018-08-31T07:34:39.974,2018-08-31T07:34:39.978,,34:40.0,7:34:39,1,750,745,-5,0:02:14,134.31,-1
pert-josh,M1@bmm,1,288,6708,1,567,NULL,1318991,1318991,1318991,NULL,LIMIT,BUY,1,600,2018-08-31T07:34:41.210,2018-08-31T07:34:41.213,,34:41.2,7:34:41,0,750,#N/A,#N/A,0:02:16,135.55,1
pert-josh,M4@bmm,4,288,6708,1,567,NULL,1318992,1318992,1318992,1318975,LIMIT,BUY,1,750,2018-08-31T07:34:41.768,2018-08-31T07:34:41.774,,34:41.8,7:34:41,1,750,750,0,0:02:16,136.11,1
pert-josh,M6@bmm,6,288,6708,1,567,NULL,1318993,1318993,1318993,1319002,LIMIT,BUY,1,745,2018-08-31T07:34:44.626,2018-08-31T07:35:05.518,,34:44.6,7:34:44,0,750,#N/A,#N/A,0:02:19,138.96,1
pert-josh,M6@bmm,6,288,6708,1,567,NULL,1318994,1318994,1318994,1319003,LIMIT,BUY,1,745,2018-08-31T07:34:45.793,2018-08-31T07:35:06.479,,34:45.8,7:34:45,0,750,#N/A,#N/A,0:02:20,140.13,1
pert-josh,M3@bmm,3,288,6708,1,567,NULL,1318995,1318995,1318995,1319018,LIMIT,SELL,1,750,2018-08-31T07:34:47.763,2018-08-31T07:35:46.630,,34:47.8,7:34:47,0,750,#N/A,#N/A,0:02:22,142.1,-1
pert-josh,M7@bmm,7,288,6708,1,567,NULL,1318996,1318996,1318996,1318998,LIMIT,SELL,1,755,2018-08-31T07:34:48.601,2018-08-31T07:34:56.882,,34:48.6,7:34:48,0,750,#N/A,#N/A,0:02:23,142.94,-1
pert-josh,M3@bmm,3,288,6708,1,567,NULL,1318997,1318965,1318965,1318965,CANCEL,SELL,1,830,2018-08-31T07:34:50.960,2018-08-31T07:34:50.964,,34:51.0,7:34:50,0,750,#N/A,#N/A,0:02:25,145.3,-1
pert-josh,M7@bmm,7,288,6708,1,567,NULL,1318998,1318996,1318996,1318996,CANCEL,SELL,1,755,2018-08-31T07:34:56.878,2018-08-31T07:34:56.882,,34:56.9,7:34:56,0,750,#N/A,#N/A,0:02:31,151.22,-1
pert-josh,M7@bmm,7,288,6708,1,567,NULL,1318999,1318999,1318999,1319051,LIMIT,SELL,1,870,2018-08-31T07:35:02.559,2018-08-31T07:36:39.690,,35:02.6,7:35:02,0,750,#N/A,#N/A,0:02:37,156.9,-1
pert-josh,M8@bmm,8,288,6708,1,567,NULL,1319000,1319000,1319000,1318986,LIMIT,SELL,1,745,2018-08-31T07:35:03.112,2018-08-31T07:35:03.119,,35:03.1,7:35:03,1,750,745,-5,0:02:37,157.45,-1
pert-josh,M4@bmm,4,288,6708,1,567,NULL,1319001,1319001,1319001,1318987,LIMIT,BUY,1,750,2018-08-31T07:35:05.481,2018-08-31T07:35:05.487,,35:05.5,7:35:05,1,750,750,0,0:02:40,159.82,1
pert-josh,M8@bmm,8,288,6708,1,567,NULL,1319002,1319002,1319002,1318993,LIMIT,SELL,1,745,2018-08-31T07:35:05.513,2018-08-31T07:35:05.518,,35:05.5,7:35:05,1,750,745,-5,0:02:40,159.85,-1
pert-josh,M8@bmm,8,288,6708,1,567,NULL,1319003,1319003,1319003,1318994,LIMIT,SELL,1,745,2018-08-31T07:35:06.474,2018-08-31T07:35:06.479,,35:06.5,7:35:06,1,750,745,-5,0:02:41,160.81,-1
pert-josh,M2@bmm,2,288,6708,1,567,NULL,1319004,1319004,1319004,1319019,LIMIT,SELL,1,750,2018-08-31T07:35:10.410,2018-08-31T07:35:47.070,,35:10.4,7:35:10,0,750,#N/A,#N/A,0:02:45,164.75,-1
pert-josh,M6@bmm,6,288,6708,1,567,NULL,1319005,1319005,1319005,1319008,LIMIT,BUY,1,740,2018-08-31T07:35:12.666,2018-08-31T07:35:16.704,,35:12.7,7:35:12,0,750,#N/A,#N/A,0:02:47,167,1
pert-josh,M6@bmm,6,288,6708,1,567,NULL,1319006,1319006,1319006,1319009,LIMIT,BUY,1,740,2018-08-31T07:35:13.209,2018-08-31T07:35:20.711,,35:13.2,7:35:13,0,750,#N/A,#N/A,0:02:48,167.55,1
pert-josh,M4@bmm,4,288,6708,1,567,NULL,1319007,1319007,1319007,1319020,LIMIT,SELL,1,750,2018-08-31T07:35:16.274,2018-08-31T07:35:47.679,,35:16.3,7:35:16,0,750,#N/A,#N/A,0:02:51,170.61,-1
pert-josh,M3@bmm,3,288,6708,1,567,NULL,1319008,1319008,1319008,1319005,LIMIT,SELL,1,740,2018-08-31T07:35:16.699,2018-08-31T07:35:16.703,,35:16.7,7:35:16,1,750,740,-10,0:02:51,171.04,-1
pert-josh,M8@bmm,8,288,6708,1,567,NULL,1319009,1319009,1319009,1319006,LIMIT,SELL,1,740,2018-08-31T07:35:20.706,2018-08-31T07:35:20.711,,35:20.7,7:35:20,1,750,740,-10,0:02:55,175.04,-1
pert-josh,M2@bmm,2,288,6708,1,567,NULL,1319010,1319010,1319010,1319065,LIMIT,BUY,1,745,2018-08-31T07:35:21.368,2018-08-31T07:36:55.017,,35:21.4,7:35:21,0,750,#N/A,#N/A,0:02:56,175.71,1
pert-josh,M6@bmm,6,288,6708,1,567,NULL,1319011,1319011,1319011,1319028,LIMIT,BUY,1,720,2018-08-31T07:35:22.417,2018-08-31T07:35:56.849,,35:22.4,7:35:22,0,750,#N/A,#N/A,0:02:57,176.76,1
pert-josh,M6@bmm,6,288,6708,1,567,NULL,1319012,1319012,1319012,1319026,LIMIT,BUY,1,720,2018-08-31T07:35:23.034,2018-08-31T07:35:56.026,,35:23.0,7:35:23,0,750,#N/A,#N/A,0:02:57,177.37,1
pert-josh,M6@bmm,6,288,6708,1,567,NULL,1319013,1319013,1319013,1319024,LIMIT,BUY,1,720,2018-08-31T07:35:27.745,2018-08-31T07:35:55.518,,35:27.7,7:35:27,0,750,#N/A,#N/A,0:03:02,182.08,1
pert-josh,M6@bmm,6,288,6708,1,567,NULL,1319014,1319014,1319014,1319023,LIMIT,BUY,1,720,2018-08-31T07:35:28.066,2018-08-31T07:35:54.716,,35:28.1,7:35:28,0,750,#N/A,#N/A,0:03:02,182.4,1
pert-josh,M6@bmm,6,288,6708,1,567,NULL,1319015,1318956,1318956,1318956,CANCEL,SELL,1,760,2018-08-31T07:35:35.064,2018-08-31T07:35:35.068,,35:35.1,7:35:35,0,750,#N/A,#N/A,0:03:09,189.4,-1
pert-josh,M5@bmm,5,288,6708,1,567,NULL,1319016,1319016,1319016,1319059,LIMIT,BUY,1,725,2018-08-31T07:35:42.159,2018-08-31T07:36:44.327,,35:42.2,7:35:42,0,750,#N/A,#N/A,0:03:16,196.5,1
pert-josh,M2@bmm,2,288,6708,1,567,NULL,1319017,1319017,1319017,1319021,LIMIT,SELL,1,750,2018-08-31T07:35:43.424,2018-08-31T07:35:48.171,,35:43.4,7:35:43,0,750,#N/A,#N/A,0:03:18,197.76,-1
pert-josh,M8@bmm,8,288,6708,1,567,NULL,1319018,1319018,1319018,1318995,LIMIT,BUY,1,750,2018-08-31T07:35:46.625,2018-08-31T07:35:46.630,,35:46.6,7:35:46,1,750,750,0,0:03:21,200.96,1
pert-josh,M8@bmm,8,288,6708,1,567,NULL,1319019,1319019,1319019,1319004,LIMIT,BUY,1,750,2018-08-31T07:35:47.065,2018-08-31T07:35:47.070,,35:47.1,7:35:47,1,750,750,0,0:03:21,201.4,1
pert-josh,M8@bmm,8,288,6708,1,567,NULL,1319020,1319020,1319020,1319007,LIMIT,BUY,1,750,2018-08-31T07:35:47.674,2018-08-31T07:35:47.679,,35:47.7,7:35:47,1,750,750,0,0:03:22,202.01,1
pert-josh,M8@bmm,8,288,6708,1,567,NULL,1319021,1319021,1319021,1319017,LIMIT,BUY,1,750,2018-08-31T07:35:48.164,2018-08-31T07:35:48.171,,35:48.2,7:35:48,1,750,750,0,0:03:23,202.5,1
pert-josh,M2@bmm,2,288,6708,1,567,NULL,1319022,1319022,1319022,1319041,LIMIT,SELL,1,795,2018-08-31T07:35:54.307,2018-08-31T07:36:19.498,,35:54.3,7:35:54,0,750,#N/A,#N/A,0:03:29,208.65,-1
pert-josh,M6@bmm,6,288,6708,1,567,NULL,1319023,1319014,1319014,1319014,CANCEL,BUY,1,720,2018-08-31T07:35:54.712,2018-08-31T07:35:54.716,,35:54.7,7:35:54,0,750,#N/A,#N/A,0:03:29,209.05,1
pert-josh,M6@bmm,6,288,6708,1,567,NULL,1319024,1319013,1319013,1319013,CANCEL,BUY,1,720,2018-08-31T07:35:55.514,2018-08-31T07:35:55.518,,35:55.5,7:35:55,0,750,#N/A,#N/A,0:03:30,209.85,1
pert-josh,M6@bmm,6,288,6708,1,567,NULL,1319025,1319013,1319013,1319025,CANCEL,BUY,1,720,2018-08-31T07:35:55.768,2018-08-31T07:35:55.772,,35:55.8,7:35:55,0,750,#N/A,#N/A,0:03:30,210.11,1
pert-josh,M6@bmm,6,288,6708,1,567,NULL,1319026,1319012,1319012,1319012,CANCEL,BUY,1,720,2018-08-31T07:35:56.022,2018-08-31T07:35:56.026,,35:56.0,7:35:56,0,750,#N/A,#N/A,0:03:30,210.36,1
pert-josh,M3@bmm,3,288,6708,1,567,NULL,1319027,1319027,1319027,1319052,LIMIT,SELL,1,830,2018-08-31T07:35:56.203,2018-08-31T07:36:41.245,,35:56.2,7:35:56,0,750,#N/A,#N/A,0:03:31,210.54,-1
pert-josh,M6@bmm,6,288,6708,1,567,NULL,1319028,1319011,1319011,1319011,CANCEL,BUY,1,720,2018-08-31T07:35:56.846,2018-08-31T07:35:56.849,,35:56.8,7:35:56,0,750,#N/A,#N/A,0:03:31,211.18,1
pert-josh,M6@bmm,6,288,6708,1,567,NULL,1319029,1319029,1319029,1319062,LIMIT,BUY,1,745,2018-08-31T07:36:01.019,2018-08-31T07:36:53.269,,36:01.0,7:36:01,0,750,#N/A,#N/A,0:03:35,215.36,1
pert-josh,M2@bmm,2,288,6708,1,567,NULL,1319030,1319030,1319030,1319034,LIMIT,BUY,1,775,2018-08-31T07:36:01.267,2018-08-31T07:36:04.474,,36:01.3,7:36:01,0,750,#N/A,#N/A,0:03:36,215.61,1
pert-josh,M6@bmm,6,288,6708,1,567,NULL,1319031,1319031,1319031,1319043,LIMIT,BUY,1,745,2018-08-31T07:36:01.809,2018-08-31T07:36:24.395,,36:01.8,7:36:01,0,750,#N/A,#N/A,0:03:36,216.15,1
pert-josh,M6@bmm,6,288,6708,1,567,NULL,1319032,1319032,1319032,1319042,LIMIT,BUY,1,745,2018-08-31T07:36:02.873,2018-08-31T07:36:23.773,,36:02.9,7:36:02,0,750,#N/A,#N/A,0:03:37,217.21,1
pert-josh,M8@bmm,8,288,6708,1,567,NULL,1319033,1319033,1319033,0,LIMIT,SELL,1,770,2018-08-31T07:36:04.467,2018-08-31T07:36:04.474,,36:04.5,7:36:04,0,750,#N/A,#N/A,0:03:39,218.81,-1
pert-josh,M8@bmm,8,288,6708,1,567,NULL,1319034,1319033,1319033,1319030,LIMIT,SELL,1,775,2018-08-31T07:36:04.471,2018-08-31T07:36:04.474,,36:04.5,7:36:04,1,750,775,25,0:03:39,218.81,-1
pert-josh,M2@bmm,2,288,6708,1,567,NULL,1319035,1319035,1319035,1319037,LIMIT,BUY,1,775,2018-08-31T07:36:09.323,2018-08-31T07:36:10.495,,36:09.3,7:36:09,0,750,#N/A,#N/A,0:03:44,223.66,1
pert-josh,M3@bmm,3,288,6708,1,567,NULL,1319036,1319036,1319036,1319064,LIMIT,SELL,1,790,2018-08-31T07:36:09.788,2018-08-31T07:36:54.438,,36:09.8,7:36:09,0,750,#N/A,#N/A,0:03:44,224.13,-1
pert-josh,M6@bmm,6,288,6708,1,567,NULL,1319037,1319037,1319037,1319035,LIMIT,SELL,1,775,2018-08-31T07:36:10.490,2018-08-31T07:36:10.495,,36:10.5,7:36:10,1,750,775,25,0:03:45,224.83,-1
pert-josh,M2@bmm,2,288,6708,1,567,NULL,1319038,1319038,1319038,1319039,LIMIT,BUY,1,775,2018-08-31T07:36:11.017,2018-08-31T07:36:12.880,,36:11.0,7:36:11,0,750,#N/A,#N/A,0:03:45,225.36,1
pert-josh,M8@bmm,8,288,6708,1,567,NULL,1319039,1319039,1319039,1319038,LIMIT,SELL,1,775,2018-08-31T07:36:12.875,2018-08-31T07:36:12.880,,36:12.9,7:36:12,1,750,775,25,0:03:47,227.21,-1
pert-josh,M8@bmm,8,288,6708,1,567,NULL,1319040,1319040,1319040,1319048,LIMIT,SELL,1,775,2018-08-31T07:36:18.196,2018-08-31T07:36:35.156,,36:18.2,7:36:18,0,750,#N/A,#N/A,0:03:53,232.53,-1
pert-josh,M2@bmm,2,288,6708,1,567,NULL,1319041,1319022,1319022,1319022,CANCEL,SELL,1,795,2018-08-31T07:36:19.494,2018-08-31T07:36:19.498,,36:19.5,7:36:19,0,750,#N/A,#N/A,0:03:54,233.83,-1
pert-josh,M6@bmm,6,288,6708,1,567,NULL,1319042,1319032,1319032,1319032,CANCEL,BUY,1,745,2018-08-31T07:36:23.768,2018-08-31T07:36:23.773,,36:23.8,7:36:23,0,750,#N/A,#N/A,0:03:58,238.11,1
pert-josh,M6@bmm,6,288,6708,1,567,NULL,1319043,1319031,1319031,1319031,CANCEL,BUY,1,745,2018-08-31T07:36:24.391,2018-08-31T07:36:24.395,,36:24.4,7:36:24,0,750,#N/A,#N/A,0:03:59,238.73,1
pert-josh,M3@bmm,3,288,6708,1,567,NULL,1319044,1319044,1319044,1319067,LIMIT,SELL,1,770,2018-08-31T07:36:24.571,2018-08-31T07:37:03.661,,36:24.6,7:36:24,0,750,#N/A,#N/A,0:03:59,238.91,-1
pert-josh,M2@bmm,2,288,6708,1,567,NULL,1319045,1319045,1319045,1319057,LIMIT,SELL,1,770,2018-08-31T07:36:26.649,2018-08-31T07:36:43.842,,36:26.6,7:36:26,0,750,#N/A,#N/A,0:04:01,240.99,-1
pert-josh,M2@bmm,2,288,6708,1,567,NULL,1319046,1319046,1319046,1319056,LIMIT,SELL,1,765,2018-08-31T07:36:28.834,2018-08-31T07:36:43.260,,36:28.8,7:36:28,0,750,#N/A,#N/A,0:04:03,243.17,-1
pert-josh,M8@bmm,8,288,6708,1,567,NULL,1319047,1319047,1319047,NULL,LIMIT,SELL,1,765,2018-08-31T07:36:29.370,2018-08-31T07:36:29.372,,36:29.4,7:36:29,0,750,#N/A,#N/A,0:04:04,243.71,-1
pert-josh,M8@bmm,8,288,6708,1,567,NULL,1319048,1319040,1319040,1319040,CANCEL,SELL,1,775,2018-08-31T07:36:35.152,2018-08-31T07:36:35.156,,36:35.2,7:36:35,0,750,#N/A,#N/A,0:04:09,249.49,-1
pert-josh,M2@bmm,2,288,6708,1,567,NULL,1319049,1319049,1319049,1319054,LIMIT,SELL,1,765,2018-08-31T07:36:35.345,2018-08-31T07:36:42.586,,36:35.3,7:36:35,0,750,#N/A,#N/A,0:04:10,249.68,-1
pert-josh,M7@bmm,7,288,6708,1,567,NULL,1319050,1319050,1319050,NULL,LIMIT,SELL,1,760,2018-08-31T07:36:38.049,2018-08-31T07:36:38.052,,36:38.0,7:36:38,0,750,#N/A,#N/A,0:04:12,252.39,-1
pert-josh,M7@bmm,7,288,6708,1,567,NULL,1319051,1318999,1318999,1318999,CANCEL,SELL,1,870,2018-08-31T07:36:39.686,2018-08-31T07:36:39.690,,36:39.7,7:36:39,0,750,#N/A,#N/A,0:04:14,254.02,-1
pert-josh,M3@bmm,3,288,6708,1,567,NULL,1319052,1319027,1319027,1319027,CANCEL,SELL,1,830,2018-08-31T07:36:41.241,2018-08-31T07:36:41.245,,36:41.2,7:36:41,0,750,#N/A,#N/A,0:04:16,255.58,-1
pert-josh,M4@bmm,4,288,6708,1,567,NULL,1319053,1319053,1319053,NULL,LIMIT,BUY,1,750,2018-08-31T07:36:41.463,2018-08-31T07:36:41.466,,36:41.5,7:36:41,0,750,#N/A,#N/A,0:04:16,255.8,1
pert-josh,M2@bmm,2,288,6708,1,567,NULL,1319054,1319049,1319049,1319049,CANCEL,SELL,1,765,2018-08-31T07:36:42.582,2018-08-31T07:36:42.585,,36:42.6,7:36:42,0,750,#N/A,#N/A,0:04:17,256.92,-1
pert-josh,M4@bmm,4,288,6708,1,567,NULL,1319055,1318980,1318980,1318980,CANCEL,BUY,1,705,2018-08-31T07:36:43.015,2018-08-31T07:36:43.018,,36:43.0,7:36:43,0,750,#N/A,#N/A,0:04:17,257.35,1
pert-josh,M2@bmm,2,288,6708,1,567,NULL,1319056,1319046,1319046,1319046,CANCEL,SELL,1,765,2018-08-31T07:36:43.256,2018-08-31T07:36:43.260,,36:43.3,7:36:43,0,750,#N/A,#N/A,0:04:18,257.59,-1
pert-josh,M2@bmm,2,288,6708,1,567,NULL,1319057,1319045,1319045,1319045,CANCEL,SELL,1,770,2018-08-31T07:36:43.838,2018-08-31T07:36:43.842,,36:43.8,7:36:43,0,750,#N/A,#N/A,0:04:18,258.18,-1
pert-josh,M2@bmm,2,288,6708,1,567,NULL,1319058,1319045,1319045,1319058,CANCEL,SELL,1,770,2018-08-31T07:36:44.092,2018-08-31T07:36:44.096,,36:44.1,7:36:44,0,750,#N/A,#N/A,0:04:18,258.43,-1
pert-josh,M5@bmm,5,288,6708,1,567,NULL,1319059,1319016,1319016,1319016,CANCEL,BUY,1,725,2018-08-31T07:36:44.323,2018-08-31T07:36:44.327,,36:44.3,7:36:44,0,750,#N/A,#N/A,0:04:19,258.66,1
pert-josh,M2@bmm,2,288,6708,1,567,NULL,1319060,1319060,1319060,NULL,LIMIT,SELL,1,760,2018-08-31T07:36:46.409,2018-08-31T07:36:46.411,,36:46.4,7:36:46,0,750,#N/A,#N/A,0:04:21,260.75,-1
pert-josh,M7@bmm,7,288,6708,1,567,NULL,1319061,1318946,1318946,1318946,CANCEL,BUY,1,545,2018-08-31T07:36:47.784,2018-08-31T07:36:47.788,,36:47.8,7:36:47,0,750,#N/A,#N/A,0:04:22,262.12,1
pert-josh,M6@bmm,6,288,6708,1,567,NULL,1319062,1319029,1319029,1319029,CANCEL,BUY,1,745,2018-08-31T07:36:53.265,2018-08-31T07:36:53.269,,36:53.3,7:36:53,0,750,#N/A,#N/A,0:04:28,267.6,1
pert-josh,M2@bmm,2,288,6708,1,567,NULL,1319063,1319063,1319063,1319066,LIMIT,BUY,1,755,2018-08-31T07:36:53.525,2018-08-31T07:37:02.240,,36:53.5,7:36:53,0,750,#N/A,#N/A,0:04:28,267.86,1
pert-josh,M3@bmm,3,288,6708,1,567,NULL,1319064,1319036,1319036,1319036,CANCEL,SELL,1,790,2018-08-31T07:36:54.434,2018-08-31T07:36:54.438,,36:54.4,7:36:54,0,750,#N/A,#N/A,0:04:29,268.77,-1
pert-josh,M2@bmm,2,288,6708,1,567,NULL,1319065,1319010,1319010,1319010,CANCEL,BUY,1,745,2018-08-31T07:36:55.011,2018-08-31T07:36:55.017,,36:55.0,7:36:55,0,750,#N/A,#N/A,0:04:29,269.35,1
pert-josh,M3@bmm,3,288,6708,1,567,NULL,1319066,1319066,1319066,1319063,LIMIT,SELL,1,755,2018-08-31T07:37:02.236,2018-08-31T07:37:02.240,,37:02.2,7:37:02,1,750,755,5,0:04:37,276.57,-1
pert-josh,M3@bmm,3,288,6708,1,567,NULL,1319067,1319044,1319044,1319044,CANCEL,SELL,1,770,2018-08-31T07:37:03.657,2018-08-31T07:37:03.661,,37:03.7,7:37:03,0,750,#N/A,#N/A,0:04:38,278,-1
pert-josh,M3@bmm,3,288,6709,2,567,NULL,1319068,1319068,1319068,1319177,LIMIT,BUY,1,515,2018-08-31T07:37:56.092,2018-08-31T07:41:16.770,,37:56.1,7:37:56,0,700,#N/A,#N/A,0:05:30,330.43,1
pert-josh,M7@bmm,7,288,6709,2,567,NULL,1319069,1319069,1319069,NULL,LIMIT,BUY,1,470,2018-08-31T07:37:56.897,2018-08-31T07:37:56.900,,37:56.9,7:37:56,0,700,#N/A,#N/A,0:05:31,331.24,1
pert-josh,M2@bmm,2,288,6709,2,567,NULL,1319070,1319070,1319070,1319175,LIMIT,BUY,1,475,2018-08-31T07:37:57.153,2018-08-31T07:41:15.979,,37:57.2,7:37:57,0,700,#N/A,#N/A,0:05:31,331.49,1
pert-josh,M1@bmm,1,288,6709,2,567,NULL,1319071,1319071,1319071,1319079,LIMIT,BUY,1,445,2018-08-31T07:37:57.812,2018-08-31T07:38:03.577,,37:57.8,7:37:57,0,700,#N/A,#N/A,0:05:32,332.15,1
pert-josh,M2@bmm,2,288,6709,2,567,NULL,1319072,1319072,1319072,1319076,LIMIT,SELL,1,685,2018-08-31T07:38:00.154,2018-08-31T07:38:02.350,,38:00.2,7:38:00,0,700,#N/A,#N/A,0:05:34,334.49,-1
pert-josh,M5@bmm,5,288,6709,2,567,NULL,1319073,1319073,1319073,1319101,LIMIT,BUY,1,500,2018-08-31T07:38:00.366,2018-08-31T07:38:29.385,,38:00.4,7:38:00,0,700,#N/A,#N/A,0:05:35,334.7,1
pert-josh,M4@bmm,4,288,6709,2,567,NULL,1319074,1319074,1319074,1319078,LIMIT,SELL,1,720,2018-08-31T07:38:00.708,2018-08-31T07:38:02.966,,38:00.7,7:38:00,0,700,#N/A,#N/A,0:05:35,335.05,-1
pert-josh,M6@bmm,6,288,6709,2,567,NULL,1319075,1319075,1319075,0,LIMIT,BUY,1,750,2018-08-31T07:38:02.315,2018-08-31T07:38:02.350,,38:02.3,7:38:02,0,700,#N/A,#N/A,0:05:37,336.65,1
pert-josh,M6@bmm,6,288,6709,2,567,NULL,1319076,1319075,1319075,1319072,LIMIT,BUY,1,685,2018-08-31T07:38:02.347,2018-08-31T07:38:02.350,,38:02.3,7:38:02,1,700,685,-15,0:05:37,336.69,1
pert-josh,M6@bmm,6,288,6709,2,567,NULL,1319077,1319077,1319077,0,LIMIT,BUY,1,750,2018-08-31T07:38:02.958,2018-08-31T07:38:02.966,,38:03.0,7:38:02,0,700,#N/A,#N/A,0:05:37,337.3,1
pert-josh,M6@bmm,6,288,6709,2,567,NULL,1319078,1319077,1319077,1319074,LIMIT,BUY,1,720,2018-08-31T07:38:02.963,2018-08-31T07:38:02.966,,38:03.0,7:38:02,1,700,720,20,0:05:37,337.3,1
pert-josh,M1@bmm,1,288,6709,2,567,NULL,1319079,1319071,1319071,1319071,CANCEL,BUY,1,445,2018-08-31T07:38:03.573,2018-08-31T07:38:03.577,,38:03.6,7:38:03,0,700,#N/A,#N/A,0:05:38,337.91,1
pert-josh,M2@bmm,2,288,6709,2,567,NULL,1319080,1319080,1319080,1319083,LIMIT,SELL,1,635,2018-08-31T07:38:05.800,2018-08-31T07:38:07.243,,38:05.8,7:38:05,0,700,#N/A,#N/A,0:05:40,340.14,-1
pert-josh,M8@bmm,8,288,6709,2,567,NULL,1319081,1319081,1319081,1319086,LIMIT,BUY,1,625,2018-08-31T07:38:06.263,2018-08-31T07:38:08.769,,38:06.3,7:38:06,0,700,#N/A,#N/A,0:05:41,340.6,1
pert-josh,M6@bmm,6,288,6709,2,567,NULL,1319082,1319082,1319082,0,LIMIT,BUY,1,750,2018-08-31T07:38:07.236,2018-08-31T07:38:07.243,,38:07.2,7:38:07,0,700,#N/A,#N/A,0:05:42,341.57,1
pert-josh,M6@bmm,6,288,6709,2,567,NULL,1319083,1319082,1319082,1319080,LIMIT,BUY,1,635,2018-08-31T07:38:07.240,2018-08-31T07:38:07.244,,38:07.2,7:38:07,1,700,635,-65,0:05:42,341.58,1
pert-josh,M7@bmm,7,288,6709,2,567,NULL,1319084,1319084,1319084,NULL,LIMIT,BUY,1,545,2018-08-31T07:38:07.394,2018-08-31T07:38:07.397,,38:07.4,7:38:07,0,700,#N/A,#N/A,0:05:42,341.73,1
pert-josh,M2@bmm,2,288,6709,2,567,NULL,1319085,1319085,1319085,0,LIMIT,SELL,1,585,2018-08-31T07:38:08.761,2018-08-31T07:38:08.769,,38:08.8,7:38:08,0,700,#N/A,#N/A,0:05:43,343.1,-1
pert-josh,M2@bmm,2,288,6709,2,567,NULL,1319086,1319085,1319085,1319081,LIMIT,SELL,1,625,2018-08-31T07:38:08.766,2018-08-31T07:38:08.769,,38:08.8,7:38:08,1,700,625,-75,0:05:43,343.1,-1
pert-josh,M1@bmm,1,288,6709,2,567,NULL,1319087,1319087,1319087,1319149,LIMIT,BUY,1,500,2018-08-31T07:38:09.486,2018-08-31T07:40:14.705,,38:09.5,7:38:09,0,700,#N/A,#N/A,0:05:44,343.82,1
pert-josh,M4@bmm,4,288,6709,2,567,NULL,1319088,1319088,1319088,1319090,LIMIT,BUY,1,695,2018-08-31T07:38:12.730,2018-08-31T07:38:12.918,,38:12.7,7:38:12,0,700,#N/A,#N/A,0:05:47,347.07,1
pert-josh,M2@bmm,2,288,6709,2,567,NULL,1319089,1319089,1319089,0,LIMIT,SELL,1,585,2018-08-31T07:38:12.911,2018-08-31T07:38:12.918,,38:12.9,7:38:12,0,700,#N/A,#N/A,0:05:47,347.25,-1
pert-josh,M2@bmm,2,288,6709,2,567,NULL,1319090,1319089,1319089,1319088,LIMIT,SELL,1,695,2018-08-31T07:38:12.915,2018-08-31T07:38:12.919,,38:12.9,7:38:12,1,700,695,-5,0:05:47,347.25,-1
pert-josh,M8@bmm,8,288,6709,2,567,NULL,1319091,1319091,1319091,1319127,LIMIT,BUY,1,620,2018-08-31T07:38:16.215,2018-08-31T07:39:31.211,,38:16.2,7:38:16,0,700,#N/A,#N/A,0:05:51,350.55,1
pert-josh,M3@bmm,3,288,6709,2,567,NULL,1319092,1319092,1319092,1319196,LIMIT,SELL,1,760,2018-08-31T07:38:17.197,2018-08-31T07:42:33.177,,38:17.2,7:38:17,0,700,#N/A,#N/A,0:05:52,351.54,-1
pert-josh,M8@bmm,8,288,6709,2,567,NULL,1319093,1319093,1319093,1319126,LIMIT,BUY,1,640,2018-08-31T07:38:19.655,2018-08-31T07:39:30.436,,38:19.7,7:38:19,0,700,#N/A,#N/A,0:05:54,353.99,1
pert-josh,M6@bmm,6,288,6709,2,567,NULL,1319094,1319094,1319094,1319098,LIMIT,BUY,1,750,2018-08-31T07:38:20.429,2018-08-31T07:38:26.899,,38:20.4,7:38:20,0,700,#N/A,#N/A,0:05:55,354.77,1
pert-josh,M6@bmm,6,288,6709,2,567,NULL,1319095,1319095,1319095,1319103,LIMIT,BUY,1,750,2018-08-31T07:38:22.033,2018-08-31T07:38:32.165,,38:22.0,7:38:22,0,700,#N/A,#N/A,0:05:56,356.37,1
pert-josh,M8@bmm,8,288,6709,2,567,NULL,1319096,1319096,1319096,1319133,LIMIT,BUY,1,660,2018-08-31T07:38:22.717,2018-08-31T07:39:42.317,,38:22.7,7:38:22,0,700,#N/A,#N/A,0:05:57,357.06,1
pert-josh,M2@bmm,2,288,6709,2,567,NULL,1319097,1319097,1319097,1319099,LIMIT,SELL,1,775,2018-08-31T07:38:25.033,2018-08-31T07:38:26.972,,38:25.0,7:38:25,0,700,#N/A,#N/A,0:05:59,359.37,-1
pert-josh,M3@bmm,3,288,6709,2,567,NULL,1319098,1319098,1319098,1319094,LIMIT,SELL,1,750,2018-08-31T07:38:26.893,2018-08-31T07:38:26.899,,38:26.9,7:38:26,1,700,750,50,0:06:01,361.23,-1
pert-josh,M2@bmm,2,288,6709,2,567,NULL,1319099,1319097,1319097,1319097,CANCEL,SELL,1,775,2018-08-31T07:38:26.967,2018-08-31T07:38:26.971,,38:27.0,7:38:26,0,700,#N/A,#N/A,0:06:01,361.31,-1
pert-josh,M8@bmm,8,288,6709,2,567,NULL,1319100,1319100,1319100,1319118,LIMIT,BUY,1,680,2018-08-31T07:38:28.477,2018-08-31T07:38:56.543,,38:28.5,7:38:28,0,700,#N/A,#N/A,0:06:03,362.82,1
pert-josh,M5@bmm,5,288,6709,2,567,NULL,1319101,1319073,1319073,1319073,CANCEL,BUY,1,500,2018-08-31T07:38:29.381,2018-08-31T07:38:29.385,,38:29.4,7:38:29,0,700,#N/A,#N/A,0:06:04,363.72,1
pert-josh,M7@bmm,7,288,6709,2,567,NULL,1319102,1319102,1319102,NULL,LIMIT,SELL,1,775,2018-08-31T07:38:31.500,2018-08-31T07:38:31.502,,38:31.5,7:38:31,0,700,#N/A,#N/A,0:06:06,365.84,-1
pert-josh,M2@bmm,2,288,6709,2,567,NULL,1319103,1319103,1319103,1319095,LIMIT,SELL,1,750,2018-08-31T07:38:32.161,2018-08-31T07:38:32.165,,38:32.2,7:38:32,1,700,750,50,0:06:06,366.5,-1
pert-josh,M1@bmm,1,288,6709,2,567,NULL,1319104,1319104,1319104,1319191,LIMIT,SELL,1,750,2018-08-31T07:38:41.184,2018-08-31T07:42:03.211,,38:41.2,7:38:41,0,700,#N/A,#N/A,0:06:16,375.52,-1
pert-josh,M4@bmm,4,288,6709,2,567,NULL,1319105,1319105,1319105,1319136,LIMIT,BUY,1,700,2018-08-31T07:38:43.531,2018-08-31T07:39:42.907,,38:43.5,7:38:43,0,700,#N/A,#N/A,0:06:18,377.87,1
pert-josh,M5@bmm,5,288,6709,2,567,NULL,1319106,1319106,1319106,1319140,LIMIT,SELL,1,790,2018-08-31T07:38:45.171,2018-08-31T07:39:52.293,,38:45.2,7:38:45,0,700,#N/A,#N/A,0:06:20,379.51,-1
pert-josh,M2@bmm,2,288,6709,2,567,NULL,1319107,1319107,1319107,1319120,LIMIT,SELL,1,745,2018-08-31T07:38:45.778,2018-08-31T07:39:10.640,,38:45.8,7:38:45,0,700,#N/A,#N/A,0:06:20,380.12,-1
pert-josh,M3@bmm,3,288,6709,2,567,NULL,1319108,1319108,1319108,1319197,LIMIT,SELL,1,755,2018-08-31T07:38:47.093,2018-08-31T07:42:35.441,,38:47.1,7:38:47,0,700,#N/A,#N/A,0:06:21,381.43,-1
pert-josh,M8@bmm,8,288,6709,2,567,NULL,1319109,1319109,1319109,1319116,LIMIT,BUY,5,680,2018-08-31T07:38:47.172,2018-08-31T07:38:56.033,,38:47.2,7:38:47,0,700,#N/A,#N/A,0:06:22,381.51,1
pert-josh,M4@bmm,4,288,6709,2,567,NULL,1319110,1319110,1319110,1319113,LIMIT,SELL,1,725,2018-08-31T07:38:49.610,2018-08-31T07:38:54.236,,38:49.6,7:38:49,0,700,#N/A,#N/A,0:06:24,383.95,-1
pert-josh,M7@bmm,7,288,6709,2,567,NULL,1319111,1319111,1319111,1319112,LIMIT,SELL,1,710,2018-08-31T07:38:51.996,2018-08-31T07:38:52.174,,38:52.0,7:38:51,0,700,#N/A,#N/A,0:06:26,386.33,-1
pert-josh,M6@bmm,6,288,6709,2,567,NULL,1319112,1319112,1319112,1319111,LIMIT,BUY,1,710,2018-08-31T07:38:52.169,2018-08-31T07:38:52.174,,38:52.2,7:38:52,1,700,710,10,0:06:27,386.51,1
pert-josh,M4@bmm,4,288,6709,2,567,NULL,1319113,1319110,1319110,1319110,CANCEL,SELL,1,725,2018-08-31T07:38:54.231,2018-08-31T07:38:54.235,,38:54.2,7:38:54,0,700,#N/A,#N/A,0:06:29,388.57,-1
pert-josh,M6@bmm,6,288,6709,2,567,NULL,1319114,1319114,1319114,1319138,LIMIT,BUY,1,710,2018-08-31T07:38:54.466,2018-08-31T07:39:48.097,,38:54.5,7:38:54,0,700,#N/A,#N/A,0:06:29,388.8,1
pert-josh,M6@bmm,6,288,6709,2,567,NULL,1319115,1319115,1319115,1319129,LIMIT,BUY,1,710,2018-08-31T07:38:55.593,2018-08-31T07:39:36.251,,38:55.6,7:38:55,0,700,#N/A,#N/A,0:06:30,389.93,1
pert-josh,M8@bmm,8,288,6709,2,567,NULL,1319116,1319109,1319109,1319109,CANCEL,BUY,5,680,2018-08-31T07:38:56.029,2018-08-31T07:38:56.033,,38:56.0,7:38:56,0,700,#N/A,#N/A,0:06:30,390.37,1
pert-josh,M8@bmm,8,288,6709,2,567,NULL,1319117,1319109,1319109,1319117,CANCEL,BUY,5,680,2018-08-31T07:38:56.284,2018-08-31T07:38:56.287,,38:56.3,7:38:56,0,700,#N/A,#N/A,0:06:31,390.62,1
pert-josh,M8@bmm,8,288,6709,2,567,NULL,1319118,1319100,1319100,1319100,CANCEL,BUY,1,680,2018-08-31T07:38:56.538,2018-08-31T07:38:56.543,,38:56.5,7:38:56,0,700,#N/A,#N/A,0:06:31,390.88,1
pert-josh,M8@bmm,8,288,6709,2,567,NULL,1319119,1319100,1319100,1319119,CANCEL,BUY,1,680,2018-08-31T07:38:56.727,2018-08-31T07:38:56.730,,38:56.7,7:38:56,0,700,#N/A,#N/A,0:06:31,391.07,1
pert-josh,M5@bmm,5,288,6709,2,567,NULL,1319120,1319120,1319120,1319107,LIMIT,BUY,1,745,2018-08-31T07:39:10.635,2018-08-31T07:39:10.639,,39:10.6,7:39:10,1,700,745,45,0:06:45,404.97,1
pert-josh,M1@bmm,1,288,6709,2,567,NULL,1319121,1319121,1319121,1319123,LIMIT,SELL,1,730,2018-08-31T07:39:17.152,2018-08-31T07:39:19.586,,39:17.2,7:39:17,0,700,#N/A,#N/A,0:06:51,411.49,-1
pert-josh,M5@bmm,5,288,6709,2,567,NULL,1319122,1319122,1319122,0,LIMIT,BUY,1,745,2018-08-31T07:39:19.577,2018-08-31T07:39:19.586,,39:19.6,7:39:19,0,700,#N/A,#N/A,0:06:54,413.92,1
pert-josh,M5@bmm,5,288,6709,2,567,NULL,1319123,1319122,1319122,1319121,LIMIT,BUY,1,730,2018-08-31T07:39:19.583,2018-08-31T07:39:19.586,,39:19.6,7:39:19,1,700,730,30,0:06:54,413.92,1
pert-josh,M2@bmm,2,288,6709,2,567,NULL,1319124,1319124,1319124,NULL,LIMIT,SELL,1,745,2018-08-31T07:39:22.570,2018-08-31T07:39:22.572,,39:22.6,7:39:22,0,700,#N/A,#N/A,0:06:57,416.91,-1
pert-josh,M8@bmm,8,288,6709,2,567,NULL,1319125,1319125,1319125,1319137,LIMIT,BUY,1,715,2018-08-31T07:39:27.403,2018-08-31T07:39:44.531,,39:27.4,7:39:27,0,700,#N/A,#N/A,0:07:02,421.74,1
pert-josh,M8@bmm,8,288,6709,2,567,NULL,1319126,1319093,1319093,1319093,CANCEL,BUY,1,640,2018-08-31T07:39:30.432,2018-08-31T07:39:30.436,,39:30.4,7:39:30,0,700,#N/A,#N/A,0:07:05,424.77,1
pert-josh,M8@bmm,8,288,6709,2,567,NULL,1319127,1319091,1319091,1319091,CANCEL,BUY,1,620,2018-08-31T07:39:31.207,2018-08-31T07:39:31.211,,39:31.2,7:39:31,0,700,#N/A,#N/A,0:07:06,425.55,1
pert-josh,M4@bmm,4,288,6709,2,567,NULL,1319128,1319128,1319128,NULL,LIMIT,BUY,1,720,2018-08-31T07:39:34.507,2018-08-31T07:39:34.509,,39:34.5,7:39:34,0,700,#N/A,#N/A,0:07:09,428.85,1
pert-josh,M6@bmm,6,288,6709,2,567,NULL,1319129,1319115,1319115,1319115,CANCEL,BUY,1,710,2018-08-31T07:39:36.247,2018-08-31T07:39:36.251,,39:36.2,7:39:36,0,700,#N/A,#N/A,0:07:11,430.59,1
pert-josh,M6@bmm,6,288,6709,2,567,NULL,1319130,1319130,1319130,1319139,LIMIT,BUY,1,715,2018-08-31T07:39:37.523,2018-08-31T07:39:48.658,,39:37.5,7:39:37,0,700,#N/A,#N/A,0:07:12,431.86,1
pert-josh,M4@bmm,4,288,6709,2,567,NULL,1319131,1319131,1319131,1319135,LIMIT,SELL,1,730,2018-08-31T07:39:37.874,2018-08-31T07:39:42.392,,39:37.9,7:39:37,0,700,#N/A,#N/A,0:07:12,432.21,-1
pert-josh,M8@bmm,8,288,6709,2,567,NULL,1319132,1319132,1319132,NULL,LIMIT,BUY,1,725,2018-08-31T07:39:39.986,2018-08-31T07:39:39.989,,39:40.0,7:39:39,0,700,#N/A,#N/A,0:07:14,434.32,1
pert-josh,M8@bmm,8,288,6709,2,567,NULL,1319133,1319096,1319096,1319096,CANCEL,BUY,1,660,2018-08-31T07:39:42.313,2018-08-31T07:39:42.317,,39:42.3,7:39:42,0,700,#N/A,#N/A,0:07:17,436.65,1
pert-josh,M5@bmm,5,288,6709,2,567,NULL,1319134,1319134,1319134,0,LIMIT,BUY,1,745,2018-08-31T07:39:42.385,2018-08-31T07:39:42.392,,39:42.4,7:39:42,0,700,#N/A,#N/A,0:07:17,436.72,1
pert-josh,M5@bmm,5,288,6709,2,567,NULL,1319135,1319134,1319134,1319131,LIMIT,BUY,1,730,2018-08-31T07:39:42.389,2018-08-31T07:39:42.392,,39:42.4,7:39:42,1,700,730,30,0:07:17,436.73,1
pert-josh,M4@bmm,4,288,6709,2,567,NULL,1319136,1319105,1319105,1319105,CANCEL,BUY,1,700,2018-08-31T07:39:42.903,2018-08-31T07:39:42.907,,39:42.9,7:39:42,0,700,#N/A,#N/A,0:07:17,437.24,1
pert-josh,M8@bmm,8,288,6709,2,567,NULL,1319137,1319125,1319125,1319125,CANCEL,BUY,1,715,2018-08-31T07:39:44.528,2018-08-31T07:39:44.531,,39:44.5,7:39:44,0,700,#N/A,#N/A,0:07:19,438.87,1
pert-josh,M6@bmm,6,288,6709,2,567,NULL,1319138,1319114,1319114,1319114,CANCEL,BUY,1,710,2018-08-31T07:39:48.093,2018-08-31T07:39:48.097,,39:48.1,7:39:48,0,700,#N/A,#N/A,0:07:22,442.43,1
pert-josh,M6@bmm,6,288,6709,2,567,NULL,1319139,1319130,1319130,1319130,CANCEL,BUY,1,715,2018-08-31T07:39:48.654,2018-08-31T07:39:48.658,,39:48.7,7:39:48,0,700,#N/A,#N/A,0:07:23,442.99,1
pert-josh,M5@bmm,5,288,6709,2,567,NULL,1319140,1319106,1319106,1319106,CANCEL,SELL,1,790,2018-08-31T07:39:52.289,2018-08-31T07:39:52.292,,39:52.3,7:39:52,0,700,#N/A,#N/A,0:07:27,446.63,-1
pert-josh,M7@bmm,7,288,6709,2,567,NULL,1319141,1319141,1319141,NULL,LIMIT,BUY,1,690,2018-08-31T07:39:53.719,2018-08-31T07:39:53.721,,39:53.7,7:39:53,0,700,#N/A,#N/A,0:07:28,448.06,1
pert-josh,M2@bmm,2,288,6709,2,567,NULL,1319142,1319142,1319142,1319165,LIMIT,SELL,1,740,2018-08-31T07:39:54.296,2018-08-31T07:40:48.571,,39:54.3,7:39:54,0,700,#N/A,#N/A,0:07:29,448.63,-1
pert-josh,M6@bmm,6,288,6709,2,567,NULL,1319143,1319143,1319143,1319169,LIMIT,SELL,1,740,2018-08-31T07:39:56.067,2018-08-31T07:41:00.491,,39:56.1,7:39:56,0,700,#N/A,#N/A,0:07:30,450.41,-1
pert-josh,M6@bmm,6,288,6709,2,567,NULL,1319144,1319144,1319144,1319147,LIMIT,SELL,1,730,2018-08-31T07:40:04.762,2018-08-31T07:40:08.553,,40:04.8,7:40:04,0,700,#N/A,#N/A,0:07:39,459.1,-1
pert-josh,M6@bmm,6,288,6709,2,567,NULL,1319145,1319145,1319145,1319146,LIMIT,SELL,1,730,2018-08-31T07:40:05.786,2018-08-31T07:40:07.884,,40:05.8,7:40:05,0,700,#N/A,#N/A,0:07:40,460.12,-1
pert-josh,M6@bmm,6,288,6709,2,567,NULL,1319146,1319145,1319145,1319145,CANCEL,SELL,1,730,2018-08-31T07:40:07.880,2018-08-31T07:40:07.884,,40:07.9,7:40:07,0,700,#N/A,#N/A,0:07:42,462.22,-1
pert-josh,M8@bmm,8,288,6709,2,567,NULL,1319147,1319147,1319147,1319144,LIMIT,BUY,1,730,2018-08-31T07:40:08.548,2018-08-31T07:40:08.553,,40:08.5,7:40:08,1,700,730,30,0:07:43,462.89,1
pert-josh,M7@bmm,7,288,6709,2,567,NULL,1319148,1319148,1319148,NULL,LIMIT,SELL,1,760,2018-08-31T07:40:12.298,2018-08-31T07:40:12.300,,40:12.3,7:40:12,0,700,#N/A,#N/A,0:07:47,466.64,-1
pert-josh,M1@bmm,1,288,6709,2,567,NULL,1319149,1319087,1319087,1319087,CANCEL,BUY,1,500,2018-08-31T07:40:14.701,2018-08-31T07:40:14.705,,40:14.7,7:40:14,0,700,#N/A,#N/A,0:07:49,469.04,1
pert-josh,M6@bmm,6,288,6709,2,567,NULL,1319150,1319150,1319150,1319152,LIMIT,SELL,1,735,2018-08-31T07:40:15.082,2018-08-31T07:40:19.593,,40:15.1,7:40:15,0,700,#N/A,#N/A,0:07:49,469.42,-1
pert-josh,M5@bmm,5,288,6709,2,567,NULL,1319151,1319151,1319151,1319154,LIMIT,SELL,1,745,2018-08-31T07:40:18.090,2018-08-31T07:40:22.482,,40:18.1,7:40:18,0,700,#N/A,#N/A,0:07:52,472.43,-1
pert-josh,M8@bmm,8,288,6709,2,567,NULL,1319152,1319152,1319152,1319150,LIMIT,BUY,1,735,2018-08-31T07:40:19.588,2018-08-31T07:40:19.592,,40:19.6,7:40:19,1,700,735,35,0:07:54,473.93,1
pert-josh,M2@bmm,2,288,6709,2,567,NULL,1319153,1319153,1319153,1319189,LIMIT,BUY,1,725,2018-08-31T07:40:22.434,2018-08-31T07:41:56.099,,40:22.4,7:40:22,0,700,#N/A,#N/A,0:07:57,476.77,1
pert-josh,M5@bmm,5,288,6709,2,567,NULL,1319154,1319151,1319151,1319151,CANCEL,SELL,1,745,2018-08-31T07:40:22.478,2018-08-31T07:40:22.482,,40:22.5,7:40:22,0,700,#N/A,#N/A,0:07:57,476.82,-1
pert-josh,M3@bmm,3,288,6709,2,567,NULL,1319155,1319155,1319155,1319158,LIMIT,SELL,1,740,2018-08-31T07:40:24.765,2018-08-31T07:40:28.993,,40:24.8,7:40:24,0,700,#N/A,#N/A,0:07:59,479.1,-1
pert-josh,M1@bmm,1,288,6709,2,567,NULL,1319156,1319156,1319156,1319195,LIMIT,BUY,1,640,2018-08-31T07:40:25.808,2018-08-31T07:42:28.537,,40:25.8,7:40:25,0,700,#N/A,#N/A,0:08:00,480.15,1
pert-josh,M5@bmm,5,288,6709,2,567,NULL,1319157,1319157,1319157,1319180,LIMIT,SELL,1,760,2018-08-31T07:40:27.346,2018-08-31T07:41:25.731,,40:27.3,7:40:27,0,700,#N/A,#N/A,0:08:02,481.68,-1
pert-josh,M3@bmm,3,288,6709,2,567,NULL,1319158,1319155,1319155,1319155,CANCEL,SELL,1,740,2018-08-31T07:40:28.989,2018-08-31T07:40:28.993,,40:29.0,7:40:28,0,700,#N/A,#N/A,0:08:03,483.33,-1
pert-josh,M6@bmm,6,288,6709,2,567,NULL,1319159,1319159,1319159,1319160,LIMIT,SELL,1,735,2018-08-31T07:40:29.673,2018-08-31T07:40:31.784,,40:29.7,7:40:29,0,700,#N/A,#N/A,0:08:04,484.01,-1
pert-josh,M8@bmm,8,288,6709,2,567,NULL,1319160,1319160,1319160,1319159,LIMIT,BUY,1,735,2018-08-31T07:40:31.779,2018-08-31T07:40:31.784,,40:31.8,7:40:31,1,700,735,35,0:08:06,486.12,1
pert-josh,M2@bmm,2,288,6709,2,567,NULL,1319161,1319161,1319161,NULL,LIMIT,BUY,1,735,2018-08-31T07:40:33.370,2018-08-31T07:40:33.373,,40:33.4,7:40:33,0,700,#N/A,#N/A,0:08:08,487.71,1
pert-josh,M3@bmm,3,288,6709,2,567,NULL,1319162,1319162,1319162,1319171,LIMIT,SELL,1,740,2018-08-31T07:40:35.703,2018-08-31T07:41:00.735,,40:35.7,7:40:35,0,700,#N/A,#N/A,0:08:10,490.04,-1
pert-josh,M6@bmm,6,288,6709,2,567,NULL,1319163,1319163,1319163,1319173,LIMIT,SELL,1,740,2018-08-31T07:40:43.483,2018-08-31T07:41:09.970,,40:43.5,7:40:43,0,700,#N/A,#N/A,0:08:18,497.82,-1
pert-josh,M5@bmm,5,288,6709,2,567,NULL,1319164,1319164,1319164,0,LIMIT,BUY,1,760,2018-08-31T07:40:48.563,2018-08-31T07:40:48.571,,40:48.6,7:40:48,0,700,#N/A,#N/A,0:08:23,502.9,1
pert-josh,M5@bmm,5,288,6709,2,567,NULL,1319165,1319164,1319164,1319142,LIMIT,BUY,1,740,2018-08-31T07:40:48.568,2018-08-31T07:40:48.571,,40:48.6,7:40:48,1,700,740,40,0:08:23,502.91,1
pert-josh,M6@bmm,6,288,6709,2,567,NULL,1319166,1319166,1319166,1319176,LIMIT,BUY,1,735,2018-08-31T07:40:48.770,2018-08-31T07:41:16.142,,40:48.8,7:40:48,0,700,#N/A,#N/A,0:08:23,503.11,1
pert-josh,M6@bmm,6,288,6709,2,567,NULL,1319167,1319167,1319167,1319174,LIMIT,BUY,1,735,2018-08-31T07:40:49.835,2018-08-31T07:41:15.548,,40:49.8,7:40:49,0,700,#N/A,#N/A,0:08:24,504.17,1
pert-josh,M5@bmm,5,288,6709,2,567,NULL,1319168,1319168,1319168,0,LIMIT,BUY,1,750,2018-08-31T07:41:00.483,2018-08-31T07:41:00.491,,41:00.5,7:41:00,0,700,#N/A,#N/A,0:08:35,514.82,1
pert-josh,M5@bmm,5,288,6709,2,567,NULL,1319169,1319168,1319168,1319143,LIMIT,BUY,1,740,2018-08-31T07:41:00.488,2018-08-31T07:41:00.491,,41:00.5,7:41:00,1,700,740,40,0:08:35,514.83,1
pert-josh,M5@bmm,5,288,6709,2,567,NULL,1319170,1319170,1319170,0,LIMIT,BUY,1,750,2018-08-31T07:41:00.724,2018-08-31T07:41:00.735,,41:00.7,7:41:00,0,700,#N/A,#N/A,0:08:35,515.06,1
pert-josh,M5@bmm,5,288,6709,2,567,NULL,1319171,1319170,1319170,1319162,LIMIT,BUY,1,740,2018-08-31T07:41:00.729,2018-08-31T07:41:00.736,,41:00.7,7:41:00,1,700,740,40,0:08:35,515.07,1
pert-josh,M5@bmm,5,288,6709,2,567,NULL,1319172,1319172,1319172,0,LIMIT,BUY,1,750,2018-08-31T07:41:09.963,2018-08-31T07:41:09.970,,41:10.0,7:41:09,0,700,#N/A,#N/A,0:08:44,524.3,1
pert-josh,M5@bmm,5,288,6709,2,567,NULL,1319173,1319172,1319172,1319163,LIMIT,BUY,1,740,2018-08-31T07:41:09.967,2018-08-31T07:41:09.971,,41:10.0,7:41:09,1,700,740,40,0:08:44,524.31,1
pert-josh,M6@bmm,6,288,6709,2,567,NULL,1319174,1319167,1319167,1319167,CANCEL,BUY,1,735,2018-08-31T07:41:15.545,2018-08-31T07:41:15.548,,41:15.5,7:41:15,0,700,#N/A,#N/A,0:08:50,529.88,1
pert-josh,M2@bmm,2,288,6709,2,567,NULL,1319175,1319070,1319070,1319070,CANCEL,BUY,1,475,2018-08-31T07:41:15.975,2018-08-31T07:41:15.979,,41:16.0,7:41:15,0,700,#N/A,#N/A,0:08:50,530.31,1
pert-josh,M6@bmm,6,288,6709,2,567,NULL,1319176,1319166,1319166,1319166,CANCEL,BUY,1,735,2018-08-31T07:41:16.137,2018-08-31T07:41:16.141,,41:16.1,7:41:16,0,700,#N/A,#N/A,0:08:50,530.48,1
pert-josh,M3@bmm,3,288,6709,2,567,NULL,1319177,1319068,1319068,1319068,CANCEL,BUY,1,515,2018-08-31T07:41:16.765,2018-08-31T07:41:16.770,,41:16.8,7:41:16,0,700,#N/A,#N/A,0:08:51,531.1,1
pert-josh,M6@bmm,6,288,6709,2,567,NULL,1319178,1319178,1319178,1319179,LIMIT,SELL,3,745,2018-08-31T07:41:19.397,2018-08-31T07:41:23.462,,41:19.4,7:41:19,0,700,#N/A,#N/A,0:08:54,533.74,-1
pert-josh,M6@bmm,6,288,6709,2,567,NULL,1319179,1319178,1319178,1319178,CANCEL,SELL,3,745,2018-08-31T07:41:23.458,2018-08-31T07:41:23.462,,41:23.5,7:41:23,0,700,#N/A,#N/A,0:08:58,537.8,-1
pert-josh,M5@bmm,5,288,6709,2,567,NULL,1319180,1319157,1319157,1319157,CANCEL,SELL,1,760,2018-08-31T07:41:25.727,2018-08-31T07:41:25.731,,41:25.7,7:41:25,0,700,#N/A,#N/A,0:09:00,540.07,-1
pert-josh,M6@bmm,6,288,6709,2,567,NULL,1319181,1319181,1319181,1319194,LIMIT,SELL,1,745,2018-08-31T07:41:27.059,2018-08-31T07:42:18.372,,41:27.1,7:41:27,0,700,#N/A,#N/A,0:09:01,541.4,-1
pert-josh,M6@bmm,6,288,6709,2,567,NULL,1319182,1319182,1319182,1319187,LIMIT,SELL,1,745,2018-08-31T07:41:27.907,2018-08-31T07:41:50.863,,41:27.9,7:41:27,0,700,#N/A,#N/A,0:09:02,542.25,-1
pert-josh,M2@bmm,2,288,6709,2,567,NULL,1319183,1319183,1319183,1319185,LIMIT,BUY,1,740,2018-08-31T07:41:34.578,2018-08-31T07:41:46.680,,41:34.6,7:41:34,0,700,#N/A,#N/A,0:09:09,548.92,1
pert-josh,M8@bmm,8,288,6709,2,567,NULL,1319184,1319184,1319184,NULL,LIMIT,SELL,1,780,2018-08-31T07:41:42.910,2018-08-31T07:41:42.913,,41:42.9,7:41:42,0,700,#N/A,#N/A,0:09:17,557.25,-1
pert-josh,M1@bmm,1,288,6709,2,567,NULL,1319185,1319185,1319185,1319183,LIMIT,SELL,1,740,2018-08-31T07:41:46.675,2018-08-31T07:41:46.680,,41:46.7,7:41:46,1,700,740,40,0:09:21,561.01,-1
pert-josh,M7@bmm,7,288,6709,2,567,NULL,1319186,1319186,1319186,1319190,LIMIT,BUY,1,740,2018-08-31T07:41:47.066,2018-08-31T07:41:59.640,,41:47.1,7:41:47,0,700,#N/A,#N/A,0:09:21,561.4,1
pert-josh,M6@bmm,6,288,6709,2,567,NULL,1319187,1319182,1319182,1319182,CANCEL,SELL,1,745,2018-08-31T07:41:50.858,2018-08-31T07:41:50.862,,41:50.9,7:41:50,0,700,#N/A,#N/A,0:09:25,565.2,-1
pert-josh,M2@bmm,2,288,6709,2,567,NULL,1319188,1319188,1319188,NULL,LIMIT,BUY,1,740,2018-08-31T07:41:54.610,2018-08-31T07:41:54.612,,41:54.6,7:41:54,0,700,#N/A,#N/A,0:09:29,568.95,1
pert-josh,M2@bmm,2,288,6709,2,567,NULL,1319189,1319153,1319153,1319153,CANCEL,BUY,1,725,2018-08-31T07:41:56.095,2018-08-31T07:41:56.098,,41:56.1,7:41:56,0,700,#N/A,#N/A,0:09:30,570.43,1
pert-josh,M1@bmm,1,288,6709,2,567,NULL,1319190,1319190,1319190,1319186,LIMIT,SELL,1,740,2018-08-31T07:41:59.634,2018-08-31T07:41:59.639,,41:59.6,7:41:59,1,700,740,40,0:09:34,573.97,-1
pert-josh,M1@bmm,1,288,6709,2,567,NULL,1319191,1319104,1319104,1319104,CANCEL,SELL,1,750,2018-08-31T07:42:03.207,2018-08-31T07:42:03.211,,42:03.2,7:42:03,0,700,#N/A,#N/A,0:09:38,577.55,-1
pert-josh,M7@bmm,7,288,6709,2,567,NULL,1319192,1319192,1319192,NULL,LIMIT,SELL,1,745,2018-08-31T07:42:12.249,2018-08-31T07:42:12.251,,42:12.2,7:42:12,0,700,#N/A,#N/A,0:09:47,586.59,-1
pert-josh,M3@bmm,3,288,6709,2,567,NULL,1319193,1319193,1319193,NULL,LIMIT,BUY,1,735,2018-08-31T07:42:15.537,2018-08-31T07:42:15.539,,42:15.5,7:42:15,0,700,#N/A,#N/A,0:09:50,589.88,1
pert-josh,M6@bmm,6,288,6709,2,567,NULL,1319194,1319181,1319181,1319181,CANCEL,SELL,1,745,2018-08-31T07:42:18.368,2018-08-31T07:42:18.372,,42:18.4,7:42:18,0,700,#N/A,#N/A,0:09:53,592.71,-1
pert-josh,M1@bmm,1,288,6709,2,567,NULL,1319195,1319156,1319156,1319156,CANCEL,BUY,1,640,2018-08-31T07:42:28.534,2018-08-31T07:42:28.537,,42:28.5,7:42:28,0,700,#N/A,#N/A,0:10:03,602.87,1
pert-josh,M3@bmm,3,288,6709,2,567,NULL,1319196,1319092,1319092,1319092,CANCEL,SELL,1,760,2018-08-31T07:42:33.173,2018-08-31T07:42:33.176,,42:33.2,7:42:33,0,700,#N/A,#N/A,0:10:08,607.51,-1
pert-josh,M3@bmm,3,288,6709,2,567,NULL,1319197,1319108,1319108,1319108,CANCEL,SELL,1,755,2018-08-31T07:42:35.437,2018-08-31T07:42:35.441,,42:35.4,7:42:35,0,700,#N/A,#N/A,0:10:10,609.78,-1
pert-josh,M3@bmm,3,288,6709,2,567,NULL,1319198,1319198,1319198,NULL,LIMIT,BUY,1,730,2018-08-31T07:42:42.207,2018-08-31T07:42:42.209,,42:42.2,7:42:42,0,700,#N/A,#N/A,0:10:17,616.55,1
pert-josh,M8@bmm,8,288,6710,3,567,NULL,1319199,1319199,1319199,1319201,LIMIT,SELL,1,445,2018-08-31T07:43:25.276,2018-08-31T07:43:26.612,,43:25.3,7:43:25,0,650,#N/A,#N/A,0:11:00,659.61,-1
pert-josh,M1@bmm,1,288,6710,3,567,NULL,1319200,1319200,1319200,0,LIMIT,BUY,1,510,2018-08-31T07:43:26.605,2018-08-31T07:43:26.612,,43:26.6,7:43:26,0,650,#N/A,#N/A,0:11:01,660.94,1
pert-josh,M1@bmm,1,288,6710,3,567,NULL,1319201,1319200,1319200,1319199,LIMIT,BUY,1,445,2018-08-31T07:43:26.609,2018-08-31T07:43:26.612,,43:26.6,7:43:26,1,650,445,-205,0:11:01,660.95,1
pert-josh,M8@bmm,8,288,6710,3,567,NULL,1319202,1319199,1319199,1319202,CANCEL,SELL,1,445,2018-08-31T07:43:26.794,2018-08-31T07:43:26.798,,43:26.8,7:43:26,0,650,#N/A,#N/A,0:11:01,661.13,-1
pert-josh,M3@bmm,3,288,6710,3,567,NULL,1319203,1319203,1319203,NULL,LIMIT,BUY,1,600,2018-08-31T07:43:27.161,2018-08-31T07:43:27.163,,43:27.2,7:43:27,0,650,#N/A,#N/A,0:11:01,661.5,1
pert-josh,M5@bmm,5,288,6710,3,567,NULL,1319204,1319204,1319204,1319244,LIMIT,SELL,1,765,2018-08-31T07:43:27.845,2018-08-31T07:44:09.062,,43:27.8,7:43:27,0,650,#N/A,#N/A,0:11:02,662.18,-1
pert-josh,M2@bmm,2,288,6710,3,567,NULL,1319205,1319205,1319205,1319216,LIMIT,SELL,1,695,2018-08-31T07:43:28.286,2018-08-31T07:43:39.063,,43:28.3,7:43:28,0,650,#N/A,#N/A,0:11:03,662.62,-1
pert-josh,M2@bmm,2,288,6710,3,567,NULL,1319206,1319206,1319206,1319219,LIMIT,SELL,1,695,2018-08-31T07:43:29.410,2018-08-31T07:43:39.626,,43:29.4,7:43:29,0,650,#N/A,#N/A,0:11:04,663.75,-1
pert-josh,M4@bmm,4,288,6710,3,567,NULL,1319207,1319207,1319207,1319342,LIMIT,SELL,1,765,2018-08-31T07:43:32.440,2018-08-31T07:46:31.615,,43:32.4,7:43:32,0,650,#N/A,#N/A,0:11:07,666.78,-1
pert-josh,M2@bmm,2,288,6710,3,567,NULL,1319208,1319208,1319208,1319232,LIMIT,BUY,1,665,2018-08-31T07:43:34.954,2018-08-31T07:43:57.320,,43:35.0,7:43:34,0,650,#N/A,#N/A,0:11:09,669.29,1
pert-josh,M2@bmm,2,288,6710,3,567,NULL,1319209,1319209,1319209,1319230,LIMIT,BUY,1,665,2018-08-31T07:43:35.095,2018-08-31T07:43:56.339,,43:35.1,7:43:35,0,650,#N/A,#N/A,0:11:09,669.43,1
pert-josh,M8@bmm,8,288,6710,3,567,NULL,1319210,1319210,1319210,1319275,LIMIT,BUY,1,680,2018-08-31T07:43:35.117,2018-08-31T07:45:18.574,,43:35.1,7:43:35,0,650,#N/A,#N/A,0:11:09,669.46,1
pert-josh,M2@bmm,2,288,6710,3,567,NULL,1319211,1319211,1319211,1319228,LIMIT,BUY,1,665,2018-08-31T07:43:35.259,2018-08-31T07:43:55.756,,43:35.3,7:43:35,0,650,#N/A,#N/A,0:11:10,669.6,1
pert-josh,M2@bmm,2,288,6710,3,567,NULL,1319212,1319212,1319212,1319217,LIMIT,BUY,1,665,2018-08-31T07:43:35.383,2018-08-31T07:43:39.163,,43:35.4,7:43:35,0,650,#N/A,#N/A,0:11:10,669.72,1
pert-josh,M2@bmm,2,288,6710,3,567,NULL,1319213,1319213,1319213,1319214,LIMIT,BUY,1,665,2018-08-31T07:43:35.547,2018-08-31T07:43:38.589,,43:35.5,7:43:35,0,650,#N/A,#N/A,0:11:10,669.89,1
pert-josh,M2@bmm,2,288,6710,3,567,NULL,1319214,1319213,1319213,1319213,CANCEL,BUY,1,665,2018-08-31T07:43:38.585,2018-08-31T07:43:38.589,,43:38.6,7:43:38,0,650,#N/A,#N/A,0:11:13,672.92,1
pert-josh,M2@bmm,2,288,6710,3,567,NULL,1319215,1319213,1319213,1319215,CANCEL,BUY,1,665,2018-08-31T07:43:38.708,2018-08-31T07:43:38.711,,43:38.7,7:43:38,0,650,#N/A,#N/A,0:11:13,673.05,1
pert-josh,M6@bmm,6,288,6710,3,567,NULL,1319216,1319216,1319216,1319205,LIMIT,BUY,1,695,2018-08-31T07:43:39.058,2018-08-31T07:43:39.063,,43:39.1,7:43:39,1,650,695,45,0:11:13,673.4,1
pert-josh,M2@bmm,2,288,6710,3,567,NULL,1319217,1319212,1319212,1319212,CANCEL,BUY,1,665,2018-08-31T07:43:39.147,2018-08-31T07:43:39.162,,43:39.1,7:43:39,0,650,#N/A,#N/A,0:11:13,673.49,1
pert-josh,M2@bmm,2,288,6710,3,567,NULL,1319218,1319212,1319212,1319218,CANCEL,BUY,1,665,2018-08-31T07:43:39.295,2018-08-31T07:43:39.299,,43:39.3,7:43:39,0,650,#N/A,#N/A,0:11:14,673.63,1
pert-josh,M6@bmm,6,288,6710,3,567,NULL,1319219,1319219,1319219,1319206,LIMIT,BUY,1,695,2018-08-31T07:43:39.621,2018-08-31T07:43:39.626,,43:39.6,7:43:39,1,650,695,45,0:11:14,673.96,1
pert-josh,M4@bmm,4,288,6710,3,567,NULL,1319220,1319220,1319220,1319255,LIMIT,BUY,1,700,2018-08-31T07:43:47.596,2018-08-31T07:44:34.036,,43:47.6,7:43:47,0,650,#N/A,#N/A,0:11:22,681.93,1
pert-josh,M3@bmm,3,288,6710,3,567,NULL,1319221,1319221,1319221,1319248,LIMIT,SELL,1,745,2018-08-31T07:43:48.952,2018-08-31T07:44:18.386,,43:49.0,7:43:48,0,650,#N/A,#N/A,0:11:23,683.29,-1
pert-josh,M2@bmm,2,288,6710,3,567,NULL,1319222,1319222,1319222,1319261,LIMIT,BUY,1,730,2018-08-31T07:43:51.987,2018-08-31T07:44:47.762,,43:52.0,7:43:51,0,650,#N/A,#N/A,0:11:26,686.33,1
pert-josh,M2@bmm,2,288,6710,3,567,NULL,1319223,1319223,1319223,1319243,LIMIT,BUY,1,730,2018-08-31T07:43:52.133,2018-08-31T07:44:08.677,,43:52.1,7:43:52,0,650,#N/A,#N/A,0:11:26,686.47,1
pert-josh,M2@bmm,2,288,6710,3,567,NULL,1319224,1319224,1319224,1319242,LIMIT,BUY,1,730,2018-08-31T07:43:52.298,2018-08-31T07:44:07.516,,43:52.3,7:43:52,0,650,#N/A,#N/A,0:11:27,686.64,1
pert-josh,M2@bmm,2,288,6710,3,567,NULL,1319225,1319225,1319225,1319241,LIMIT,BUY,1,730,2018-08-31T07:43:52.439,2018-08-31T07:44:06.894,,43:52.4,7:43:52,0,650,#N/A,#N/A,0:11:27,686.78,1
pert-josh,M2@bmm,2,288,6710,3,567,NULL,1319226,1319226,1319226,1319239,LIMIT,BUY,1,730,2018-08-31T07:43:52.602,2018-08-31T07:44:06.553,,43:52.6,7:43:52,0,650,#N/A,#N/A,0:11:27,686.94,1
pert-josh,M2@bmm,2,288,6710,3,567,NULL,1319227,1319227,1319227,1319236,LIMIT,BUY,1,730,2018-08-31T07:43:52.718,2018-08-31T07:44:05.986,,43:52.7,7:43:52,0,650,#N/A,#N/A,0:11:27,687.06,1
pert-josh,M2@bmm,2,288,6710,3,567,NULL,1319228,1319211,1319211,1319211,CANCEL,BUY,1,665,2018-08-31T07:43:55.752,2018-08-31T07:43:55.756,,43:55.8,7:43:55,0,650,#N/A,#N/A,0:11:30,690.09,1
pert-josh,M2@bmm,2,288,6710,3,567,NULL,1319229,1319211,1319211,1319229,CANCEL,BUY,1,665,2018-08-31T07:43:55.895,2018-08-31T07:43:55.899,,43:55.9,7:43:55,0,650,#N/A,#N/A,0:11:30,690.23,1
pert-josh,M2@bmm,2,288,6710,3,567,NULL,1319230,1319209,1319209,1319209,CANCEL,BUY,1,665,2018-08-31T07:43:56.335,2018-08-31T07:43:56.339,,43:56.3,7:43:56,0,650,#N/A,#N/A,0:11:31,690.67,1
pert-josh,M2@bmm,2,288,6710,3,567,NULL,1319231,1319209,1319209,1319231,CANCEL,BUY,1,665,2018-08-31T07:43:56.442,2018-08-31T07:43:56.446,,43:56.4,7:43:56,0,650,#N/A,#N/A,0:11:31,690.78,1
pert-josh,M2@bmm,2,288,6710,3,567,NULL,1319232,1319208,1319208,1319208,CANCEL,BUY,1,665,2018-08-31T07:43:57.316,2018-08-31T07:43:57.320,,43:57.3,7:43:57,0,650,#N/A,#N/A,0:11:32,691.65,1
pert-josh,M7@bmm,7,288,6710,3,567,NULL,1319233,1319233,1319233,1319249,LIMIT,BUY,1,740,2018-08-31T07:43:58.117,2018-08-31T07:44:19.181,,43:58.1,7:43:58,0,650,#N/A,#N/A,0:11:32,692.46,1
pert-josh,M3@bmm,3,288,6710,3,567,NULL,1319234,1319234,1319234,1319352,LIMIT,SELL,1,750,2018-08-31T07:44:01.114,2018-08-31T07:46:40.339,,44:01.1,7:44:01,0,650,#N/A,#N/A,0:11:35,695.45,-1
pert-josh,M3@bmm,3,288,6710,3,567,NULL,1319235,1319235,1319235,1319345,LIMIT,SELL,1,755,2018-08-31T07:44:03.535,2018-08-31T07:46:34.902,,44:03.5,7:44:03,0,650,#N/A,#N/A,0:11:38,697.87,-1
pert-josh,M2@bmm,2,288,6710,3,567,NULL,1319236,1319227,1319227,1319227,CANCEL,BUY,1,730,2018-08-31T07:44:05.982,2018-08-31T07:44:05.986,,44:06.0,7:44:05,0,650,#N/A,#N/A,0:11:40,700.32,1
pert-josh,M2@bmm,2,288,6710,3,567,NULL,1319237,1319227,1319227,1319237,CANCEL,BUY,1,730,2018-08-31T07:44:06.144,2018-08-31T07:44:06.148,,44:06.1,7:44:06,0,650,#N/A,#N/A,0:11:40,700.48,1
pert-josh,M7@bmm,7,288,6710,3,567,NULL,1319238,1319238,1319238,NULL,LIMIT,SELL,1,780,2018-08-31T07:44:06.397,2018-08-31T07:44:06.400,,44:06.4,7:44:06,0,650,#N/A,#N/A,0:11:41,700.74,-1
pert-josh,M2@bmm,2,288,6710,3,567,NULL,1319239,1319226,1319226,1319226,CANCEL,BUY,1,730,2018-08-31T07:44:06.550,2018-08-31T07:44:06.553,,44:06.5,7:44:06,0,650,#N/A,#N/A,0:11:41,700.89,1
pert-josh,M2@bmm,2,288,6710,3,567,NULL,1319240,1319226,1319226,1319240,CANCEL,BUY,1,730,2018-08-31T07:44:06.709,2018-08-31T07:44:06.713,,44:06.7,7:44:06,0,650,#N/A,#N/A,0:11:41,701.05,1
pert-josh,M2@bmm,2,288,6710,3,567,NULL,1319241,1319225,1319225,1319225,CANCEL,BUY,1,730,2018-08-31T07:44:06.887,2018-08-31T07:44:06.893,,44:06.9,7:44:06,0,650,#N/A,#N/A,0:11:41,701.23,1
pert-josh,M2@bmm,2,288,6710,3,567,NULL,1319242,1319224,1319224,1319224,CANCEL,BUY,1,730,2018-08-31T07:44:07.511,2018-08-31T07:44:07.515,,44:07.5,7:44:07,0,650,#N/A,#N/A,0:11:42,701.85,1
pert-josh,M2@bmm,2,288,6710,3,567,NULL,1319243,1319223,1319223,1319223,CANCEL,BUY,1,730,2018-08-31T07:44:08.672,2018-08-31T07:44:08.677,,44:08.7,7:44:08,0,650,#N/A,#N/A,0:11:43,703.01,1
pert-josh,M5@bmm,5,288,6710,3,567,NULL,1319244,1319204,1319204,1319204,CANCEL,SELL,1,765,2018-08-31T07:44:09.058,2018-08-31T07:44:09.062,,44:09.1,7:44:09,0,650,#N/A,#N/A,0:11:43,703.4,-1
pert-josh,M3@bmm,3,288,6710,3,567,NULL,1319245,1319245,1319245,1319389,LIMIT,SELL,1,805,2018-08-31T07:44:14.425,2018-08-31T07:47:21.380,,44:14.4,7:44:14,0,650,#N/A,#N/A,0:11:49,708.76,-1
pert-josh,M6@bmm,6,288,6710,3,567,NULL,1319246,1319246,1319246,1319264,LIMIT,SELL,1,745,2018-08-31T07:44:15.983,2018-08-31T07:44:57.044,,44:16.0,7:44:15,0,650,#N/A,#N/A,0:11:50,710.32,-1
pert-josh,M6@bmm,6,288,6710,3,567,NULL,1319247,1319247,1319247,1319265,LIMIT,SELL,1,745,2018-08-31T07:44:16.822,2018-08-31T07:44:57.087,,44:16.8,7:44:16,0,650,#N/A,#N/A,0:11:51,711.16,-1
pert-josh,M3@bmm,3,288,6710,3,567,NULL,1319248,1319221,1319221,1319221,CANCEL,SELL,1,745,2018-08-31T07:44:18.382,2018-08-31T07:44:18.386,,44:18.4,7:44:18,0,650,#N/A,#N/A,0:11:53,712.72,-1
pert-josh,M1@bmm,1,288,6710,3,567,NULL,1319249,1319249,1319249,1319233,LIMIT,SELL,1,740,2018-08-31T07:44:19.175,2018-08-31T07:44:19.180,,44:19.2,7:44:19,1,650,740,90,0:11:54,713.51,-1
pert-josh,M2@bmm,2,288,6710,3,567,NULL,1319250,1319250,1319250,1319258,LIMIT,BUY,1,740,2018-08-31T07:44:23.939,2018-08-31T07:44:42.076,,44:23.9,7:44:23,0,650,#N/A,#N/A,0:11:58,718.28,1
pert-josh,M2@bmm,2,288,6710,3,567,NULL,1319251,1319251,1319251,1319292,LIMIT,BUY,1,740,2018-08-31T07:44:26.065,2018-08-31T07:45:37.049,,44:26.1,7:44:26,0,650,#N/A,#N/A,0:12:00,720.4,1
pert-josh,M6@bmm,6,288,6710,3,567,NULL,1319252,1319252,1319252,1319266,LIMIT,SELL,1,745,2018-08-31T07:44:27.584,2018-08-31T07:44:57.283,,44:27.6,7:44:27,0,650,#N/A,#N/A,0:12:02,721.92,-1
pert-josh,M2@bmm,2,288,6710,3,567,NULL,1319253,1319253,1319253,1319334,LIMIT,BUY,1,740,2018-08-31T07:44:28.539,2018-08-31T07:46:18.267,,44:28.5,7:44:28,0,650,#N/A,#N/A,0:12:03,722.88,1
pert-josh,M4@bmm,4,288,6710,3,567,NULL,1319254,1319254,1319254,NULL,LIMIT,BUY,1,730,2018-08-31T07:44:32.476,2018-08-31T07:44:32.479,,44:32.5,7:44:32,0,650,#N/A,#N/A,0:12:07,726.81,1
pert-josh,M4@bmm,4,288,6710,3,567,NULL,1319255,1319220,1319220,1319220,CANCEL,BUY,1,700,2018-08-31T07:44:34.032,2018-08-31T07:44:34.035,,44:34.0,7:44:34,0,650,#N/A,#N/A,0:12:08,728.37,1
pert-josh,M1@bmm,1,288,6710,3,567,NULL,1319256,1319256,1319256,1319309,LIMIT,BUY,1,450,2018-08-31T07:44:37.882,2018-08-31T07:45:53.267,,44:37.9,7:44:37,0,650,#N/A,#N/A,0:12:12,732.22,1
pert-josh,M3@bmm,3,288,6710,3,567,NULL,1319257,1319257,1319257,1319350,LIMIT,SELL,1,750,2018-08-31T07:44:40.912,2018-08-31T07:46:38.934,,44:40.9,7:44:40,0,650,#N/A,#N/A,0:12:15,735.25,-1
pert-josh,M6@bmm,6,288,6710,3,567,NULL,1319258,1319258,1319258,1319250,LIMIT,SELL,1,740,2018-08-31T07:44:42.071,2018-08-31T07:44:42.075,,44:42.1,7:44:42,1,650,740,90,0:12:16,736.41,-1
pert-josh,M7@bmm,7,288,6710,3,567,NULL,1319259,1319259,1319259,1319267,LIMIT,SELL,1,745,2018-08-31T07:44:42.587,2018-08-31T07:44:57.415,,44:42.6,7:44:42,0,650,#N/A,#N/A,0:12:17,736.93,-1
pert-josh,M2@bmm,2,288,6710,3,567,NULL,1319260,1319260,1319260,1319367,LIMIT,BUY,1,735,2018-08-31T07:44:46.202,2018-08-31T07:46:58.482,,44:46.2,7:44:46,0,650,#N/A,#N/A,0:12:21,740.54,1
pert-josh,M2@bmm,2,288,6710,3,567,NULL,1319261,1319222,1319222,1319222,CANCEL,BUY,1,730,2018-08-31T07:44:47.758,2018-08-31T07:44:47.762,,44:47.8,7:44:47,0,650,#N/A,#N/A,0:12:22,742.1,1
pert-josh,M5@bmm,5,288,6710,3,567,NULL,1319262,1319262,1319262,1319318,LIMIT,SELL,1,750,2018-08-31T07:44:54.198,2018-08-31T07:46:00.719,,44:54.2,7:44:54,0,650,#N/A,#N/A,0:12:29,748.54,-1
pert-josh,M7@bmm,7,288,6710,3,567,NULL,1319263,1319263,1319263,1319359,LIMIT,BUY,1,730,2018-08-31T07:44:56.620,2018-08-31T07:46:44.171,,44:56.6,7:44:56,0,650,#N/A,#N/A,0:12:31,750.96,1
pert-josh,M8@bmm,8,288,6710,3,567,NULL,1319264,1319264,1319264,1319246,LIMIT,BUY,1,745,2018-08-31T07:44:57.038,2018-08-31T07:44:57.044,,44:57.0,7:44:57,1,650,745,95,0:12:31,751.38,1
pert-josh,M8@bmm,8,288,6710,3,567,NULL,1319265,1319265,1319265,1319247,LIMIT,BUY,1,745,2018-08-31T07:44:57.083,2018-08-31T07:44:57.087,,44:57.1,7:44:57,1,650,745,95,0:12:31,751.42,1
pert-josh,M8@bmm,8,288,6710,3,567,NULL,1319266,1319266,1319266,1319252,LIMIT,BUY,1,745,2018-08-31T07:44:57.278,2018-08-31T07:44:57.283,,44:57.3,7:44:57,1,650,745,95,0:12:32,751.62,1
pert-josh,M8@bmm,8,288,6710,3,567,NULL,1319267,1319267,1319267,1319259,LIMIT,BUY,1,745,2018-08-31T07:44:57.411,2018-08-31T07:44:57.415,,44:57.4,7:44:57,1,650,745,95,0:12:32,751.75,1
pert-josh,M6@bmm,6,288,6710,3,567,NULL,1319268,1319268,1319268,1319308,LIMIT,SELL,1,745,2018-08-31T07:44:58.831,2018-08-31T07:45:48.509,,44:58.8,7:44:58,0,650,#N/A,#N/A,0:12:33,753.17,-1
pert-josh,M6@bmm,6,288,6710,3,567,NULL,1319269,1319269,1319269,1319326,LIMIT,SELL,1,745,2018-08-31T07:44:59.135,2018-08-31T07:46:04.850,,44:59.1,7:44:59,0,650,#N/A,#N/A,0:12:33,753.47,-1
pert-josh,M6@bmm,6,288,6710,3,567,NULL,1319270,1319270,1319270,1319343,LIMIT,SELL,1,745,2018-08-31T07:44:59.431,2018-08-31T07:46:33.592,,44:59.4,7:44:59,0,650,#N/A,#N/A,0:12:34,753.77,-1
pert-josh,M1@bmm,1,288,6710,3,567,NULL,1319271,1319271,1319271,1319360,LIMIT,BUY,1,500,2018-08-31T07:45:03.144,2018-08-31T07:46:44.375,,45:03.1,7:45:03,0,650,#N/A,#N/A,0:12:37,757.48,1
pert-josh,M2@bmm,2,288,6710,3,567,NULL,1319272,1319272,1319272,1319365,LIMIT,BUY,1,735,2018-08-31T07:45:13.146,2018-08-31T07:46:57.796,,45:13.1,7:45:13,0,650,#N/A,#N/A,0:12:47,767.48,1
pert-josh,M2@bmm,2,288,6710,3,567,NULL,1319273,1319273,1319273,1319380,LIMIT,BUY,1,740,2018-08-31T07:45:16.722,2018-08-31T07:47:05.963,,45:16.7,7:45:16,0,650,#N/A,#N/A,0:12:51,771.06,1
pert-josh,M3@bmm,3,288,6710,3,567,NULL,1319274,1319274,1319274,1319337,LIMIT,SELL,1,785,2018-08-31T07:45:17.337,2018-08-31T07:46:19.789,,45:17.3,7:45:17,0,650,#N/A,#N/A,0:12:52,771.68,-1
pert-josh,M8@bmm,8,288,6710,3,567,NULL,1319275,1319210,1319210,1319210,CANCEL,BUY,1,680,2018-08-31T07:45:18.570,2018-08-31T07:45:18.574,,45:18.6,7:45:18,0,650,#N/A,#N/A,0:12:53,772.91,1
pert-josh,M8@bmm,8,288,6710,3,567,NULL,1319276,1319276,1319276,NULL,LIMIT,SELL,1,1000,2018-08-31T07:45:23.183,2018-08-31T07:45:23.185,,45:23.2,7:45:23,0,650,#N/A,#N/A,0:12:58,777.52,-1
pert-josh,M2@bmm,2,288,6710,3,567,NULL,1319277,1319277,1319277,1319344,LIMIT,SELL,1,745,2018-08-31T07:45:24.202,2018-08-31T07:46:34.322,,45:24.2,7:45:24,0,650,#N/A,#N/A,0:12:59,778.54,-1
pert-josh,M8@bmm,8,288,6710,3,567,NULL,1319278,1319278,1319278,NULL,LIMIT,SELL,1,1000,2018-08-31T07:45:27.269,2018-08-31T07:45:27.271,,45:27.3,7:45:27,0,650,#N/A,#N/A,0:13:02,781.61,-1
pert-josh,M8@bmm,8,288,6710,3,567,NULL,1319279,1319279,1319279,NULL,LIMIT,SELL,1,1000,2018-08-31T07:45:27.459,2018-08-31T07:45:27.462,,45:27.5,7:45:27,0,650,#N/A,#N/A,0:13:02,781.8,-1
pert-josh,M8@bmm,8,288,6710,3,567,NULL,1319280,1319280,1319280,NULL,LIMIT,SELL,1,1000,2018-08-31T07:45:27.651,2018-08-31T07:45:27.653,,45:27.7,7:45:27,0,650,#N/A,#N/A,0:13:02,781.99,-1
pert-josh,M8@bmm,8,288,6710,3,567,NULL,1319281,1319281,1319281,NULL,LIMIT,SELL,1,1000,2018-08-31T07:45:27.885,2018-08-31T07:45:27.888,,45:27.9,7:45:27,0,650,#N/A,#N/A,0:13:02,782.22,-1
pert-josh,M8@bmm,8,288,6710,3,567,NULL,1319282,1319282,1319282,NULL,LIMIT,SELL,1,1000,2018-08-31T07:45:28.089,2018-08-31T07:45:28.091,,45:28.1,7:45:28,0,650,#N/A,#N/A,0:13:02,782.43,-1
pert-josh,M6@bmm,6,288,6710,3,567,NULL,1319283,1319283,1319283,1319300,LIMIT,BUY,1,730,2018-08-31T07:45:28.455,2018-08-31T07:45:39.370,,45:28.5,7:45:28,0,650,#N/A,#N/A,0:13:03,782.79,1
pert-josh,M8@bmm,8,288,6710,3,567,NULL,1319284,1319284,1319284,NULL,LIMIT,SELL,1,1000,2018-08-31T07:45:28.522,2018-08-31T07:45:28.525,,45:28.5,7:45:28,0,650,#N/A,#N/A,0:13:03,782.86,-1
pert-josh,M8@bmm,8,288,6710,3,567,NULL,1319285,1319285,1319285,NULL,LIMIT,SELL,1,1000,2018-08-31T07:45:28.726,2018-08-31T07:45:28.730,,45:28.7,7:45:28,0,650,#N/A,#N/A,0:13:03,783.06,-1
pert-josh,M8@bmm,8,288,6710,3,567,NULL,1319286,1319286,1319286,NULL,LIMIT,SELL,1,1000,2018-08-31T07:45:28.908,2018-08-31T07:45:28.912,,45:28.9,7:45:28,0,650,#N/A,#N/A,0:13:03,783.25,-1
pert-josh,M8@bmm,8,288,6710,3,567,NULL,1319287,1319287,1319287,NULL,LIMIT,SELL,1,1000,2018-08-31T07:45:29.116,2018-08-31T07:45:29.118,,45:29.1,7:45:29,0,650,#N/A,#N/A,0:13:03,783.45,-1
pert-josh,M6@bmm,6,288,6710,3,567,NULL,1319288,1319288,1319288,1319299,LIMIT,BUY,1,730,2018-08-31T07:45:29.880,2018-08-31T07:45:38.593,,45:29.9,7:45:29,0,650,#N/A,#N/A,0:13:04,784.22,1
pert-josh,M2@bmm,2,288,6710,3,567,NULL,1319289,1319289,1319289,1319378,LIMIT,BUY,1,740,2018-08-31T07:45:36.378,2018-08-31T07:47:05.291,,45:36.4,7:45:36,0,650,#N/A,#N/A,0:13:11,790.72,1
pert-josh,M2@bmm,2,288,6710,3,567,NULL,1319290,1319290,1319290,1319316,LIMIT,BUY,1,740,2018-08-31T07:45:36.623,2018-08-31T07:45:58.146,,45:36.6,7:45:36,0,650,#N/A,#N/A,0:13:11,790.96,1
pert-josh,M2@bmm,2,288,6710,3,567,NULL,1319291,1319291,1319291,1319314,LIMIT,BUY,1,740,2018-08-31T07:45:36.869,2018-08-31T07:45:57.586,,45:36.9,7:45:36,0,650,#N/A,#N/A,0:13:11,791.21,1
pert-josh,M3@bmm,3,288,6710,3,567,NULL,1319292,1319292,1319292,1319251,LIMIT,SELL,1,740,2018-08-31T07:45:37.041,2018-08-31T07:45:37.048,,45:37.0,7:45:37,1,650,740,90,0:13:11,791.38,-1
pert-josh,M2@bmm,2,288,6710,3,567,NULL,1319293,1319293,1319293,1319312,LIMIT,BUY,1,740,2018-08-31T07:45:37.115,2018-08-31T07:45:57.035,,45:37.1,7:45:37,0,650,#N/A,#N/A,0:13:11,791.45,1
pert-josh,M2@bmm,2,288,6710,3,567,NULL,1319294,1319294,1319294,1319311,LIMIT,BUY,1,740,2018-08-31T07:45:37.250,2018-08-31T07:45:55.962,,45:37.2,7:45:37,0,650,#N/A,#N/A,0:13:12,791.59,1
pert-josh,M2@bmm,2,288,6710,3,567,NULL,1319295,1319295,1319295,1319305,LIMIT,BUY,1,740,2018-08-31T07:45:37.359,2018-08-31T07:45:47.506,,45:37.4,7:45:37,0,650,#N/A,#N/A,0:13:12,791.7,1
pert-josh,M2@bmm,2,288,6710,3,567,NULL,1319296,1319296,1319296,1319303,LIMIT,BUY,1,740,2018-08-31T07:45:37.473,2018-08-31T07:45:46.306,,45:37.5,7:45:37,0,650,#N/A,#N/A,0:13:12,791.81,1
pert-josh,M2@bmm,2,288,6710,3,567,NULL,1319297,1319297,1319297,1319302,LIMIT,BUY,1,740,2018-08-31T07:45:37.617,2018-08-31T07:45:45.674,,45:37.6,7:45:37,0,650,#N/A,#N/A,0:13:12,791.96,1
pert-josh,M2@bmm,2,288,6710,3,567,NULL,1319298,1319298,1319298,1319301,LIMIT,BUY,1,740,2018-08-31T07:45:37.727,2018-08-31T07:45:44.947,,45:37.7,7:45:37,0,650,#N/A,#N/A,0:13:12,792.07,1
pert-josh,M6@bmm,6,288,6710,3,567,NULL,1319299,1319288,1319288,1319288,CANCEL,BUY,1,730,2018-08-31T07:45:38.589,2018-08-31T07:45:38.593,,45:38.6,7:45:38,0,650,#N/A,#N/A,0:13:13,792.93,1
pert-josh,M6@bmm,6,288,6710,3,567,NULL,1319300,1319283,1319283,1319283,CANCEL,BUY,1,730,2018-08-31T07:45:39.366,2018-08-31T07:45:39.370,,45:39.4,7:45:39,0,650,#N/A,#N/A,0:13:14,793.7,1
pert-josh,M2@bmm,2,288,6710,3,567,NULL,1319301,1319298,1319298,1319298,CANCEL,BUY,1,740,2018-08-31T07:45:44.943,2018-08-31T07:45:44.947,,45:44.9,7:45:44,0,650,#N/A,#N/A,0:13:19,799.28,1
pert-josh,M2@bmm,2,288,6710,3,567,NULL,1319302,1319297,1319297,1319297,CANCEL,BUY,1,740,2018-08-31T07:45:45.670,2018-08-31T07:45:45.674,,45:45.7,7:45:45,0,650,#N/A,#N/A,0:13:20,800.01,1
pert-josh,M2@bmm,2,288,6710,3,567,NULL,1319303,1319296,1319296,1319296,CANCEL,BUY,1,740,2018-08-31T07:45:46.302,2018-08-31T07:45:46.306,,45:46.3,7:45:46,0,650,#N/A,#N/A,0:13:21,800.64,1
pert-josh,M2@bmm,2,288,6710,3,567,NULL,1319304,1319296,1319296,1319304,CANCEL,BUY,1,740,2018-08-31T07:45:46.436,2018-08-31T07:45:46.440,,45:46.4,7:45:46,0,650,#N/A,#N/A,0:13:21,800.77,1
pert-josh,M2@bmm,2,288,6710,3,567,NULL,1319305,1319295,1319295,1319295,CANCEL,BUY,1,740,2018-08-31T07:45:47.502,2018-08-31T07:45:47.506,,45:47.5,7:45:47,0,650,#N/A,#N/A,0:13:22,801.84,1
pert-josh,M2@bmm,2,288,6710,3,567,NULL,1319306,1319295,1319295,1319306,CANCEL,BUY,1,740,2018-08-31T07:45:47.638,2018-08-31T07:45:47.642,,45:47.6,7:45:47,0,650,#N/A,#N/A,0:13:22,801.98,1
pert-josh,M5@bmm,5,288,6710,3,567,NULL,1319307,1319307,1319307,0,LIMIT,BUY,1,765,2018-08-31T07:45:48.502,2018-08-31T07:45:48.509,,45:48.5,7:45:48,0,650,#N/A,#N/A,0:13:23,802.84,1
pert-josh,M5@bmm,5,288,6710,3,567,NULL,1319308,1319307,1319307,1319268,LIMIT,BUY,1,745,2018-08-31T07:45:48.506,2018-08-31T07:45:48.509,,45:48.5,7:45:48,1,650,745,95,0:13:23,802.84,1
pert-josh,M1@bmm,1,288,6710,3,567,NULL,1319309,1319256,1319256,1319256,CANCEL,BUY,1,450,2018-08-31T07:45:53.263,2018-08-31T07:45:53.267,,45:53.3,7:45:53,0,650,#N/A,#N/A,0:13:28,807.6,1
pert-josh,M5@bmm,5,288,6710,3,567,NULL,1319310,1319310,1319310,1319317,LIMIT,BUY,1,735,2018-08-31T07:45:55.022,2018-08-31T07:45:59.135,,45:55.0,7:45:55,0,650,#N/A,#N/A,0:13:29,809.36,1
pert-josh,M2@bmm,2,288,6710,3,567,NULL,1319311,1319294,1319294,1319294,CANCEL,BUY,1,740,2018-08-31T07:45:55.958,2018-08-31T07:45:55.962,,45:56.0,7:45:55,0,650,#N/A,#N/A,0:13:30,810.3,1
pert-josh,M2@bmm,2,288,6710,3,567,NULL,1319312,1319293,1319293,1319293,CANCEL,BUY,1,740,2018-08-31T07:45:57.031,2018-08-31T07:45:57.035,,45:57.0,7:45:57,0,650,#N/A,#N/A,0:13:31,811.37,1
pert-josh,M2@bmm,2,288,6710,3,567,NULL,1319313,1319293,1319293,1319313,CANCEL,BUY,1,740,2018-08-31T07:45:57.174,2018-08-31T07:45:57.177,,45:57.2,7:45:57,0,650,#N/A,#N/A,0:13:32,811.51,1
pert-josh,M2@bmm,2,288,6710,3,567,NULL,1319314,1319291,1319291,1319291,CANCEL,BUY,1,740,2018-08-31T07:45:57.582,2018-08-31T07:45:57.586,,45:57.6,7:45:57,0,650,#N/A,#N/A,0:13:32,811.92,1
pert-josh,M2@bmm,2,288,6710,3,567,NULL,1319315,1319291,1319291,1319315,CANCEL,BUY,1,740,2018-08-31T07:45:57.719,2018-08-31T07:45:57.722,,45:57.7,7:45:57,0,650,#N/A,#N/A,0:13:32,812.06,1
pert-josh,M2@bmm,2,288,6710,3,567,NULL,1319316,1319290,1319290,1319290,CANCEL,BUY,1,740,2018-08-31T07:45:58.142,2018-08-31T07:45:58.146,,45:58.1,7:45:58,0,650,#N/A,#N/A,0:13:32,812.48,1
pert-josh,M5@bmm,5,288,6710,3,567,NULL,1319317,1319310,1319310,1319310,CANCEL,BUY,1,735,2018-08-31T07:45:59.131,2018-08-31T07:45:59.135,,45:59.1,7:45:59,0,650,#N/A,#N/A,0:13:33,813.47,1
pert-josh,M5@bmm,5,288,6710,3,567,NULL,1319318,1319262,1319262,1319262,CANCEL,SELL,1,750,2018-08-31T07:46:00.716,2018-08-31T07:46:00.719,,46:00.7,7:46:00,0,650,#N/A,#N/A,0:13:35,815.05,-1
pert-josh,M8@bmm,8,288,6710,3,567,NULL,1319319,1319319,1319319,NULL,LIMIT,BUY,1,50,2018-08-31T07:46:03.030,2018-08-31T07:46:03.033,,46:03.0,7:46:03,0,650,#N/A,#N/A,0:13:37,817.37,1
pert-josh,M8@bmm,8,288,6710,3,567,NULL,1319320,1319320,1319320,NULL,LIMIT,BUY,1,50,2018-08-31T07:46:03.445,2018-08-31T07:46:03.448,,46:03.4,7:46:03,0,650,#N/A,#N/A,0:13:38,817.78,1
pert-josh,M8@bmm,8,288,6710,3,567,NULL,1319321,1319321,1319321,NULL,LIMIT,BUY,1,50,2018-08-31T07:46:03.669,2018-08-31T07:46:03.671,,46:03.7,7:46:03,0,650,#N/A,#N/A,0:13:38,818.01,1
pert-josh,M8@bmm,8,288,6710,3,567,NULL,1319322,1319322,1319322,NULL,LIMIT,BUY,1,50,2018-08-31T07:46:04.070,2018-08-31T07:46:04.072,,46:04.1,7:46:04,0,650,#N/A,#N/A,0:13:38,818.41,1
pert-josh,M8@bmm,8,288,6710,3,567,NULL,1319323,1319323,1319323,NULL,LIMIT,BUY,1,50,2018-08-31T07:46:04.253,2018-08-31T07:46:04.255,,46:04.3,7:46:04,0,650,#N/A,#N/A,0:13:39,818.59,1
pert-josh,M8@bmm,8,288,6710,3,567,NULL,1319324,1319324,1319324,NULL,LIMIT,BUY,1,50,2018-08-31T07:46:04.467,2018-08-31T07:46:04.470,,46:04.5,7:46:04,0,650,#N/A,#N/A,0:13:39,818.81,1
pert-josh,M8@bmm,8,288,6710,3,567,NULL,1319325,1319325,1319325,NULL,LIMIT,BUY,1,50,2018-08-31T07:46:04.713,2018-08-31T07:46:04.717,,46:04.7,7:46:04,0,650,#N/A,#N/A,0:13:39,819.05,1
pert-josh,M5@bmm,5,288,6710,3,567,NULL,1319326,1319326,1319326,1319269,LIMIT,BUY,1,745,2018-08-31T07:46:04.845,2018-08-31T07:46:04.850,,46:04.8,7:46:04,1,650,745,95,0:13:39,819.18,1
pert-josh,M3@bmm,3,288,6710,3,567,NULL,1319327,1319327,1319327,1319381,LIMIT,BUY,1,720,2018-08-31T07:46:04.897,2018-08-31T07:47:08.396,,46:04.9,7:46:04,0,650,#N/A,#N/A,0:13:39,819.24,1
pert-josh,M8@bmm,8,288,6710,3,567,NULL,1319328,1319328,1319328,NULL,LIMIT,BUY,1,50,2018-08-31T07:46:05.172,2018-08-31T07:46:05.174,,46:05.2,7:46:05,0,650,#N/A,#N/A,0:13:40,819.51,1
pert-josh,M2@bmm,2,288,6710,3,567,NULL,1319329,1319329,1319329,1319376,LIMIT,BUY,1,740,2018-08-31T07:46:05.538,2018-08-31T07:47:04.626,,46:05.5,7:46:05,0,650,#N/A,#N/A,0:13:40,819.88,1
pert-josh,M2@bmm,2,288,6710,3,567,NULL,1319330,1319330,1319330,1319374,LIMIT,BUY,1,740,2018-08-31T07:46:06.961,2018-08-31T07:47:04.283,,46:07.0,7:46:06,0,650,#N/A,#N/A,0:13:41,821.3,1
pert-josh,M2@bmm,2,288,6710,3,567,NULL,1319331,1319331,1319331,1319371,LIMIT,BUY,1,740,2018-08-31T07:46:10.836,2018-08-31T07:46:59.709,,46:10.8,7:46:10,0,650,#N/A,#N/A,0:13:45,825.17,1
pert-josh,M2@bmm,2,288,6710,3,567,NULL,1319332,1319332,1319332,1319369,LIMIT,BUY,1,740,2018-08-31T07:46:11.057,2018-08-31T07:46:59.233,,46:11.1,7:46:11,0,650,#N/A,#N/A,0:13:45,825.4,1
pert-josh,M7@bmm,7,288,6710,3,567,NULL,1319333,1319333,1319333,1319346,LIMIT,SELL,1,745,2018-08-31T07:46:14.023,2018-08-31T07:46:35.059,,46:14.0,7:46:14,0,650,#N/A,#N/A,0:13:48,828.36,-1
pert-josh,M1@bmm,1,288,6710,3,567,NULL,1319334,1319334,1319334,1319253,LIMIT,SELL,1,740,2018-08-31T07:46:18.257,2018-08-31T07:46:18.267,,46:18.3,7:46:18,1,650,740,90,0:13:53,832.6,-1
pert-josh,M8@bmm,8,288,6710,3,567,NULL,1319335,1319335,1319335,1319379,LIMIT,BUY,1,735,2018-08-31T07:46:18.271,2018-08-31T07:47:05.773,,46:18.3,7:46:18,0,650,#N/A,#N/A,0:13:53,832.61,1
pert-josh,M2@bmm,2,288,6710,3,567,NULL,1319336,1319336,1319336,1319347,LIMIT,SELL,1,745,2018-08-31T07:46:18.377,2018-08-31T07:46:35.809,,46:18.4,7:46:18,0,650,#N/A,#N/A,0:13:53,832.72,-1
pert-josh,M3@bmm,3,288,6710,3,567,NULL,1319337,1319274,1319274,1319274,CANCEL,SELL,1,785,2018-08-31T07:46:19.785,2018-08-31T07:46:19.789,,46:19.8,7:46:19,0,650,#N/A,#N/A,0:13:54,834.12,-1
pert-josh,M6@bmm,6,288,6710,3,567,NULL,1319338,1319338,1319338,1319348,LIMIT,SELL,1,745,2018-08-31T07:46:21.672,2018-08-31T07:46:36.561,,46:21.7,7:46:21,0,650,#N/A,#N/A,0:13:56,836.01,-1
pert-josh,M6@bmm,6,288,6710,3,567,NULL,1319339,1319339,1319339,1319349,LIMIT,SELL,1,745,2018-08-31T07:46:22.511,2018-08-31T07:46:38.458,,46:22.5,7:46:22,0,650,#N/A,#N/A,0:13:57,836.85,-1
pert-josh,M6@bmm,6,288,6710,3,567,NULL,1319340,1319340,1319340,1319351,LIMIT,SELL,1,745,2018-08-31T07:46:23.328,2018-08-31T07:46:39.417,,46:23.3,7:46:23,0,650,#N/A,#N/A,0:13:58,837.67,-1
pert-josh,M2@bmm,2,288,6710,3,567,NULL,1319341,1319341,1319341,1319353,LIMIT,SELL,1,745,2018-08-31T07:46:27.298,2018-08-31T07:46:40.433,,46:27.3,7:46:27,0,650,#N/A,#N/A,0:14:02,841.64,-1
pert-josh,M4@bmm,4,288,6710,3,567,NULL,1319342,1319207,1319207,1319207,CANCEL,SELL,1,765,2018-08-31T07:46:31.611,2018-08-31T07:46:31.615,,46:31.6,7:46:31,0,650,#N/A,#N/A,0:14:06,845.95,-1
pert-josh,M8@bmm,8,288,6710,3,567,NULL,1319343,1319343,1319343,1319270,LIMIT,BUY,1,745,2018-08-31T07:46:33.588,2018-08-31T07:46:33.592,,46:33.6,7:46:33,1,650,745,95,0:14:08,847.93,1
pert-josh,M8@bmm,8,288,6710,3,567,NULL,1319344,1319344,1319344,1319277,LIMIT,BUY,1,745,2018-08-31T07:46:34.316,2018-08-31T07:46:34.322,,46:34.3,7:46:34,1,650,745,95,0:14:09,848.65,1
pert-josh,M3@bmm,3,288,6710,3,567,NULL,1319345,1319235,1319235,1319235,CANCEL,SELL,1,755,2018-08-31T07:46:34.897,2018-08-31T07:46:34.901,,46:34.9,7:46:34,0,650,#N/A,#N/A,0:14:09,849.24,-1
pert-josh,M8@bmm,8,288,6710,3,567,NULL,1319346,1319346,1319346,1319333,LIMIT,BUY,1,745,2018-08-31T07:46:35.053,2018-08-31T07:46:35.059,,46:35.1,7:46:35,1,650,745,95,0:14:09,849.39,1
pert-josh,M8@bmm,8,288,6710,3,567,NULL,1319347,1319347,1319347,1319336,LIMIT,BUY,1,745,2018-08-31T07:46:35.804,2018-08-31T07:46:35.809,,46:35.8,7:46:35,1,650,745,95,0:14:10,850.14,1
pert-josh,M8@bmm,8,288,6710,3,567,NULL,1319348,1319348,1319348,1319338,LIMIT,BUY,1,745,2018-08-31T07:46:36.556,2018-08-31T07:46:36.560,,46:36.6,7:46:36,1,650,745,95,0:14:11,850.89,1
pert-josh,M8@bmm,8,288,6710,3,567,NULL,1319349,1319349,1319349,1319339,LIMIT,BUY,1,745,2018-08-31T07:46:38.453,2018-08-31T07:46:38.458,,46:38.5,7:46:38,1,650,745,95,0:14:13,852.79,1
pert-josh,M3@bmm,3,288,6710,3,567,NULL,1319350,1319257,1319257,1319257,CANCEL,SELL,1,750,2018-08-31T07:46:38.930,2018-08-31T07:46:38.934,,46:38.9,7:46:38,0,650,#N/A,#N/A,0:14:13,853.27,-1
pert-josh,M8@bmm,8,288,6710,3,567,NULL,1319351,1319351,1319351,1319340,LIMIT,BUY,1,745,2018-08-31T07:46:39.412,2018-08-31T07:46:39.416,,46:39.4,7:46:39,1,650,745,95,0:14:14,853.75,1
pert-josh,M3@bmm,3,288,6710,3,567,NULL,1319352,1319234,1319234,1319234,CANCEL,SELL,1,750,2018-08-31T07:46:40.335,2018-08-31T07:46:40.339,,46:40.3,7:46:40,0,650,#N/A,#N/A,0:14:15,854.67,-1
pert-josh,M8@bmm,8,288,6710,3,567,NULL,1319353,1319353,1319353,1319341,LIMIT,BUY,1,745,2018-08-31T07:46:40.427,2018-08-31T07:46:40.433,,46:40.4,7:46:40,1,650,745,95,0:14:15,854.77,1
pert-josh,M6@bmm,6,288,6710,3,567,NULL,1319354,1319354,1319354,1319364,LIMIT,SELL,1,750,2018-08-31T07:46:40.577,2018-08-31T07:46:54.529,,46:40.6,7:46:40,0,650,#N/A,#N/A,0:14:15,854.92,-1
pert-josh,M6@bmm,6,288,6710,3,567,NULL,1319355,1319355,1319355,1319363,LIMIT,SELL,1,750,2018-08-31T07:46:41.303,2018-08-31T07:46:53.913,,46:41.3,7:46:41,0,650,#N/A,#N/A,0:14:16,855.64,-1
pert-josh,M6@bmm,6,288,6710,3,567,NULL,1319356,1319356,1319356,1319362,LIMIT,SELL,1,750,2018-08-31T07:46:41.961,2018-08-31T07:46:53.460,,46:42.0,7:46:41,0,650,#N/A,#N/A,0:14:16,856.3,-1
pert-josh,M1@bmm,1,288,6710,3,567,NULL,1319357,1319357,1319357,NULL,LIMIT,BUY,1,510,2018-08-31T07:46:42.433,2018-08-31T07:46:42.436,,46:42.4,7:46:42,0,650,#N/A,#N/A,0:14:17,856.77,1
pert-josh,M4@bmm,4,288,6710,3,567,NULL,1319358,1319358,1319358,NULL,LIMIT,SELL,1,765,2018-08-31T07:46:42.948,2018-08-31T07:46:42.951,,46:42.9,7:46:42,0,650,#N/A,#N/A,0:14:17,857.29,-1
pert-josh,M7@bmm,7,288,6710,3,567,NULL,1319359,1319263,1319263,1319263,CANCEL,BUY,1,730,2018-08-31T07:46:44.167,2018-08-31T07:46:44.171,,46:44.2,7:46:44,0,650,#N/A,#N/A,0:14:19,858.51,1
pert-josh,M1@bmm,1,288,6710,3,567,NULL,1319360,1319271,1319271,1319271,CANCEL,BUY,1,500,2018-08-31T07:46:44.372,2018-08-31T07:46:44.375,,46:44.4,7:46:44,0,650,#N/A,#N/A,0:14:19,858.71,1
pert-josh,M7@bmm,7,288,6710,3,567,NULL,1319361,1319361,1319361,NULL,LIMIT,BUY,1,740,2018-08-31T07:46:47.179,2018-08-31T07:46:47.182,,46:47.2,7:46:47,0,650,#N/A,#N/A,0:14:22,861.52,1
pert-josh,M6@bmm,6,288,6710,3,567,NULL,1319362,1319356,1319356,1319356,CANCEL,SELL,1,750,2018-08-31T07:46:53.456,2018-08-31T07:46:53.460,,46:53.5,7:46:53,0,650,#N/A,#N/A,0:14:28,867.79,-1
pert-josh,M6@bmm,6,288,6710,3,567,NULL,1319363,1319355,1319355,1319355,CANCEL,SELL,1,750,2018-08-31T07:46:53.909,2018-08-31T07:46:53.912,,46:53.9,7:46:53,0,650,#N/A,#N/A,0:14:28,868.25,-1
pert-josh,M6@bmm,6,288,6710,3,567,NULL,1319364,1319354,1319354,1319354,CANCEL,SELL,1,750,2018-08-31T07:46:54.525,2018-08-31T07:46:54.529,,46:54.5,7:46:54,0,650,#N/A,#N/A,0:14:29,868.86,-1
pert-josh,M2@bmm,2,288,6710,3,567,NULL,1319365,1319272,1319272,1319272,CANCEL,BUY,1,735,2018-08-31T07:46:57.792,2018-08-31T07:46:57.796,,46:57.8,7:46:57,0,650,#N/A,#N/A,0:14:32,872.13,1
pert-josh,M2@bmm,2,288,6710,3,567,NULL,1319366,1319272,1319272,1319366,CANCEL,BUY,1,735,2018-08-31T07:46:57.927,2018-08-31T07:46:57.931,,46:57.9,7:46:57,0,650,#N/A,#N/A,0:14:32,872.27,1
pert-josh,M2@bmm,2,288,6710,3,567,NULL,1319367,1319260,1319260,1319260,CANCEL,BUY,1,735,2018-08-31T07:46:58.478,2018-08-31T07:46:58.482,,46:58.5,7:46:58,0,650,#N/A,#N/A,0:14:33,872.82,1
pert-josh,M3@bmm,3,288,6710,3,567,NULL,1319368,1319368,1319368,1319382,LIMIT,SELL,1,760,2018-08-31T07:46:59.162,2018-08-31T07:47:10.970,,46:59.2,7:46:59,0,650,#N/A,#N/A,0:14:34,873.5,-1
pert-josh,M2@bmm,2,288,6710,3,567,NULL,1319369,1319332,1319332,1319332,CANCEL,BUY,1,740,2018-08-31T07:46:59.229,2018-08-31T07:46:59.232,,46:59.2,7:46:59,0,650,#N/A,#N/A,0:14:34,873.57,1
pert-josh,M2@bmm,2,288,6710,3,567,NULL,1319370,1319332,1319332,1319370,CANCEL,BUY,1,740,2018-08-31T07:46:59.382,2018-08-31T07:46:59.386,,46:59.4,7:46:59,0,650,#N/A,#N/A,0:14:34,873.72,1
pert-josh,M2@bmm,2,288,6710,3,567,NULL,1319371,1319331,1319331,1319331,CANCEL,BUY,1,740,2018-08-31T07:46:59.705,2018-08-31T07:46:59.709,,46:59.7,7:46:59,0,650,#N/A,#N/A,0:14:34,874.04,1
pert-josh,M2@bmm,2,288,6710,3,567,NULL,1319372,1319331,1319331,1319372,CANCEL,BUY,1,740,2018-08-31T07:46:59.869,2018-08-31T07:46:59.873,,46:59.9,7:46:59,0,650,#N/A,#N/A,0:14:34,874.21,1
pert-josh,M2@bmm,2,288,6710,3,567,NULL,1319373,1319373,1319373,1319386,LIMIT,BUY,1,755,2018-08-31T07:47:03.138,2018-08-31T07:47:17.692,,47:03.1,7:47:03,0,650,#N/A,#N/A,0:14:37,877.48,1
pert-josh,M2@bmm,2,288,6710,3,567,NULL,1319374,1319330,1319330,1319330,CANCEL,BUY,1,740,2018-08-31T07:47:04.279,2018-08-31T07:47:04.283,,47:04.3,7:47:04,0,650,#N/A,#N/A,0:14:39,878.62,1
pert-josh,M2@bmm,2,288,6710,3,567,NULL,1319375,1319330,1319330,1319375,CANCEL,BUY,1,740,2018-08-31T07:47:04.437,2018-08-31T07:47:04.440,,47:04.4,7:47:04,0,650,#N/A,#N/A,0:14:39,878.78,1
pert-josh,M2@bmm,2,288,6710,3,567,NULL,1319376,1319329,1319329,1319329,CANCEL,BUY,1,740,2018-08-31T07:47:04.622,2018-08-31T07:47:04.625,,47:04.6,7:47:04,0,650,#N/A,#N/A,0:14:39,878.96,1
pert-josh,M2@bmm,2,288,6710,3,567,NULL,1319377,1319329,1319329,1319377,CANCEL,BUY,1,740,2018-08-31T07:47:04.831,2018-08-31T07:47:04.838,,47:04.8,7:47:04,0,650,#N/A,#N/A,0:14:39,879.17,1
pert-josh,M2@bmm,2,288,6710,3,567,NULL,1319378,1319289,1319289,1319289,CANCEL,BUY,1,740,2018-08-31T07:47:05.286,2018-08-31T07:47:05.290,,47:05.3,7:47:05,0,650,#N/A,#N/A,0:14:40,879.62,1
pert-josh,M8@bmm,8,288,6710,3,567,NULL,1319379,1319335,1319335,1319335,CANCEL,BUY,1,735,2018-08-31T07:47:05.770,2018-08-31T07:47:05.773,,47:05.8,7:47:05,0,650,#N/A,#N/A,0:14:40,880.11,1
pert-josh,M2@bmm,2,288,6710,3,567,NULL,1319380,1319273,1319273,1319273,CANCEL,BUY,1,740,2018-08-31T07:47:05.960,2018-08-31T07:47:05.963,,47:06.0,7:47:05,0,650,#N/A,#N/A,0:14:40,880.3,1
pert-josh,M3@bmm,3,288,6710,3,567,NULL,1319381,1319327,1319327,1319327,CANCEL,BUY,1,720,2018-08-31T07:47:08.393,2018-08-31T07:47:08.396,,47:08.4,7:47:08,0,650,#N/A,#N/A,0:14:43,882.73,1
pert-josh,M3@bmm,3,288,6710,3,567,NULL,1319382,1319368,1319368,1319368,CANCEL,SELL,1,760,2018-08-31T07:47:10.966,2018-08-31T07:47:10.970,,47:11.0,7:47:10,0,650,#N/A,#N/A,0:14:45,885.3,-1
pert-josh,M2@bmm,2,288,6710,3,567,NULL,1319383,1319383,1319383,1319385,LIMIT,BUY,1,755,2018-08-31T07:47:11.402,2018-08-31T07:47:17.263,,47:11.4,7:47:11,0,650,#N/A,#N/A,0:14:46,885.74,1
pert-josh,M2@bmm,2,288,6710,3,567,NULL,1319384,1319384,1319384,1319388,LIMIT,BUY,1,760,2018-08-31T07:47:15.314,2018-08-31T07:47:19.370,,47:15.3,7:47:15,0,650,#N/A,#N/A,0:14:50,889.65,1
pert-josh,M2@bmm,2,288,6710,3,567,NULL,1319385,1319383,1319383,1319383,CANCEL,BUY,1,755,2018-08-31T07:47:17.259,2018-08-31T07:47:17.263,,47:17.3,7:47:17,0,650,#N/A,#N/A,0:14:52,891.6,1
pert-josh,M2@bmm,2,288,6710,3,567,NULL,1319386,1319373,1319373,1319373,CANCEL,BUY,1,755,2018-08-31T07:47:17.685,2018-08-31T07:47:17.692,,47:17.7,7:47:17,0,650,#N/A,#N/A,0:14:52,892.02,1
pert-josh,M3@bmm,3,288,6710,3,567,NULL,1319387,1319387,1319387,NULL,LIMIT,BUY,1,700,2018-08-31T07:47:18.266,2018-08-31T07:47:18.269,,47:18.3,7:47:18,0,650,#N/A,#N/A,0:14:53,892.6,1
pert-josh,M8@bmm,8,288,6710,3,567,NULL,1319388,1319388,1319388,1319384,LIMIT,SELL,1,760,2018-08-31T07:47:19.365,2018-08-31T07:47:19.370,,47:19.4,7:47:19,1,650,760,110,0:14:54,893.7,-1
pert-josh,M3@bmm,3,288,6710,3,567,NULL,1319389,1319245,1319245,1319245,CANCEL,SELL,1,805,2018-08-31T07:47:21.376,2018-08-31T07:47:21.380,,47:21.4,7:47:21,0,650,#N/A,#N/A,0:14:56,895.71,-1
pert-josh,M8@bmm,8,288,6711,4,567,NULL,1319390,1319390,1319390,1319444,LIMIT,BUY,1,490,2018-08-31T07:47:57.861,2018-08-31T07:49:14.107,,47:57.9,7:47:57,0,600,#N/A,#N/A,0:15:32,932.2,1
pert-josh,M8@bmm,8,288,6711,4,567,NULL,1319391,1319391,1319391,1319443,LIMIT,BUY,1,535,2018-08-31T07:48:00.621,2018-08-31T07:49:13.431,,48:00.6,7:48:00,0,600,#N/A,#N/A,0:15:35,934.96,1
pert-josh,M4@bmm,4,288,6711,4,567,NULL,1319392,1319392,1319392,NULL,LIMIT,SELL,1,750,2018-08-31T07:48:01.557,2018-08-31T07:48:01.559,,48:01.6,7:48:01,0,600,#N/A,#N/A,0:15:36,935.9,-1
pert-josh,M1@bmm,1,288,6711,4,567,NULL,1319393,1319393,1319393,1319527,LIMIT,BUY,1,450,2018-08-31T07:48:02.089,2018-08-31T07:50:14.198,,48:02.1,7:48:02,0,600,#N/A,#N/A,0:15:36,936.43,1
pert-josh,M5@bmm,5,288,6711,4,567,NULL,1319394,1319394,1319394,1319433,LIMIT,BUY,1,540,2018-08-31T07:48:02.192,2018-08-31T07:48:56.267,,48:02.2,7:48:02,0,600,#N/A,#N/A,0:15:37,936.53,1
pert-josh,M8@bmm,8,288,6711,4,567,NULL,1319395,1319395,1319395,1319442,LIMIT,BUY,1,570,2018-08-31T07:48:02.829,2018-08-31T07:49:11.397,,48:02.8,7:48:02,0,600,#N/A,#N/A,0:15:37,937.17,1
pert-josh,M1@bmm,1,288,6711,4,567,NULL,1319396,1319396,1319396,1319421,LIMIT,BUY,1,620,2018-08-31T07:48:04.297,2018-08-31T07:48:31.386,,48:04.3,7:48:04,0,600,#N/A,#N/A,0:15:39,938.64,1
pert-josh,M2@bmm,2,288,6711,4,567,NULL,1319397,1319397,1319397,1319407,LIMIT,BUY,1,610,2018-08-31T07:48:04.681,2018-08-31T07:48:16.850,,48:04.7,7:48:04,0,600,#N/A,#N/A,0:15:39,939.02,1
pert-josh,M3@bmm,3,288,6711,4,567,NULL,1319398,1319398,1319398,1319624,LIMIT,BUY,1,570,2018-08-31T07:48:04.963,2018-08-31T07:51:32.918,,48:05.0,7:48:04,0,600,#N/A,#N/A,0:15:39,939.3,1
pert-josh,M8@bmm,8,288,6711,4,567,NULL,1319399,1319399,1319399,1319441,LIMIT,BUY,1,590,2018-08-31T07:48:05.237,2018-08-31T07:49:10.351,,48:05.2,7:48:05,0,600,#N/A,#N/A,0:15:40,939.58,1
pert-josh,M6@bmm,6,288,6711,4,567,NULL,1319400,1319400,1319400,1319415,LIMIT,BUY,1,690,2018-08-31T07:48:07.251,2018-08-31T07:48:25.728,,48:07.3,7:48:07,0,600,#N/A,#N/A,0:15:42,941.59,1
pert-josh,M4@bmm,4,288,6711,4,567,NULL,1319401,1319401,1319401,1319510,LIMIT,BUY,1,650,2018-08-31T07:48:08.220,2018-08-31T07:50:03.209,,48:08.2,7:48:08,0,600,#N/A,#N/A,0:15:43,942.56,1
pert-josh,M6@bmm,6,288,6711,4,567,NULL,1319402,1319402,1319402,1319413,LIMIT,BUY,1,690,2018-08-31T07:48:08.457,2018-08-31T07:48:25.098,,48:08.5,7:48:08,0,600,#N/A,#N/A,0:15:43,942.8,1
pert-josh,M2@bmm,2,288,6711,4,567,NULL,1319403,1319403,1319403,NULL,LIMIT,BUY,1,735,2018-08-31T07:48:09.619,2018-08-31T07:48:09.621,,48:09.6,7:48:09,0,600,#N/A,#N/A,0:15:44,943.96,1
pert-josh,M6@bmm,6,288,6711,4,567,NULL,1319404,1319404,1319404,1319412,LIMIT,BUY,1,690,2018-08-31T07:48:11.362,2018-08-31T07:48:24.744,,48:11.4,7:48:11,0,600,#N/A,#N/A,0:15:46,945.7,1
pert-josh,M2@bmm,2,288,6711,4,567,NULL,1319405,1319405,1319405,1319408,LIMIT,BUY,1,745,2018-08-31T07:48:15.195,2018-08-31T07:48:19.498,,48:15.2,7:48:15,0,600,#N/A,#N/A,0:15:50,949.53,1
pert-josh,M7@bmm,7,288,6711,4,567,NULL,1319406,1319406,1319406,1319409,LIMIT,BUY,1,745,2018-08-31T07:48:16.713,2018-08-31T07:48:20.849,,48:16.7,7:48:16,0,600,#N/A,#N/A,0:15:51,951.05,1
pert-josh,M2@bmm,2,288,6711,4,567,NULL,1319407,1319397,1319397,1319397,CANCEL,BUY,1,610,2018-08-31T07:48:16.846,2018-08-31T07:48:16.850,,48:16.8,7:48:16,0,600,#N/A,#N/A,0:15:51,951.18,1
pert-josh,M8@bmm,8,288,6711,4,567,NULL,1319408,1319408,1319408,1319405,LIMIT,SELL,1,745,2018-08-31T07:48:19.493,2018-08-31T07:48:19.498,,48:19.5,7:48:19,1,600,745,145,0:15:54,953.83,-1
pert-josh,M8@bmm,8,288,6711,4,567,NULL,1319409,1319409,1319409,1319406,LIMIT,SELL,1,745,2018-08-31T07:48:20.845,2018-08-31T07:48:20.849,,48:20.8,7:48:20,1,600,745,145,0:15:55,955.18,-1
pert-josh,M1@bmm,1,288,6711,4,567,NULL,1319410,1319410,1319410,NULL,LIMIT,BUY,1,700,2018-08-31T07:48:22.416,2018-08-31T07:48:22.418,,48:22.4,7:48:22,0,600,#N/A,#N/A,0:15:57,956.75,1
pert-josh,M1@bmm,1,288,6711,4,567,NULL,1319411,1319411,1319411,1319623,LIMIT,BUY,1,700,2018-08-31T07:48:24.625,2018-08-31T07:51:26.009,,48:24.6,7:48:24,0,600,#N/A,#N/A,0:15:59,958.96,1
pert-josh,M6@bmm,6,288,6711,4,567,NULL,1319412,1319404,1319404,1319404,CANCEL,BUY,1,690,2018-08-31T07:48:24.740,2018-08-31T07:48:24.744,,48:24.7,7:48:24,0,600,#N/A,#N/A,0:15:59,959.08,1
pert-josh,M6@bmm,6,288,6711,4,567,NULL,1319413,1319402,1319402,1319402,CANCEL,BUY,1,690,2018-08-31T07:48:25.094,2018-08-31T07:48:25.098,,48:25.1,7:48:25,0,600,#N/A,#N/A,0:15:59,959.43,1
pert-josh,M6@bmm,6,288,6711,4,567,NULL,1319414,1319402,1319402,1319414,CANCEL,BUY,1,690,2018-08-31T07:48:25.347,2018-08-31T07:48:25.351,,48:25.3,7:48:25,0,600,#N/A,#N/A,0:16:00,959.69,1
pert-josh,M6@bmm,6,288,6711,4,567,NULL,1319415,1319400,1319400,1319400,CANCEL,BUY,1,690,2018-08-31T07:48:25.724,2018-08-31T07:48:25.727,,48:25.7,7:48:25,0,600,#N/A,#N/A,0:16:00,960.06,1
pert-josh,M1@bmm,1,288,6711,4,567,NULL,1319416,1319416,1319416,1319588,LIMIT,BUY,1,700,2018-08-31T07:48:26.513,2018-08-31T07:51:17.920,,48:26.5,7:48:26,0,600,#N/A,#N/A,0:16:01,960.85,1
pert-josh,M2@bmm,2,288,6711,4,567,NULL,1319417,1319417,1319417,1319418,LIMIT,BUY,1,745,2018-08-31T07:48:27.186,2018-08-31T07:48:29.472,,48:27.2,7:48:27,0,600,#N/A,#N/A,0:16:02,961.52,1
pert-josh,M8@bmm,8,288,6711,4,567,NULL,1319418,1319418,1319418,1319417,LIMIT,SELL,1,745,2018-08-31T07:48:29.467,2018-08-31T07:48:29.471,,48:29.5,7:48:29,1,600,745,145,0:16:04,963.81,-1
pert-josh,M3@bmm,3,288,6711,4,567,NULL,1319419,1319419,1319419,1319554,LIMIT,SELL,1,775,2018-08-31T07:48:29.741,2018-08-31T07:50:59.193,,48:29.7,7:48:29,0,600,#N/A,#N/A,0:16:04,964.08,-1
pert-josh,M5@bmm,5,288,6711,4,567,NULL,1319420,1319420,1319420,1319506,LIMIT,SELL,1,760,2018-08-31T07:48:30.266,2018-08-31T07:49:57.547,,48:30.3,7:48:30,0,600,#N/A,#N/A,0:16:05,964.6,-1
pert-josh,M1@bmm,1,288,6711,4,567,NULL,1319421,1319396,1319396,1319396,CANCEL,BUY,1,620,2018-08-31T07:48:31.382,2018-08-31T07:48:31.386,,48:31.4,7:48:31,0,600,#N/A,#N/A,0:16:06,965.72,1
pert-josh,M5@bmm,5,288,6711,4,567,NULL,1319422,1319422,1319422,1319490,LIMIT,SELL,1,760,2018-08-31T07:48:34.487,2018-08-31T07:49:37.006,,48:34.5,7:48:34,0,600,#N/A,#N/A,0:16:09,968.83,-1
pert-josh,M5@bmm,5,288,6711,4,567,NULL,1319423,1319423,1319423,1319428,LIMIT,SELL,1,760,2018-08-31T07:48:35.454,2018-08-31T07:48:40.954,,48:35.5,7:48:35,0,600,#N/A,#N/A,0:16:10,969.79,-1
pert-josh,M6@bmm,6,288,6711,4,567,NULL,1319424,1319424,1319424,1319452,LIMIT,SELL,1,745,2018-08-31T07:48:36.257,2018-08-31T07:49:18.507,,48:36.3,7:48:36,0,600,#N/A,#N/A,0:16:11,970.6,-1
pert-josh,M6@bmm,6,288,6711,4,567,NULL,1319425,1319425,1319425,1319482,LIMIT,SELL,1,745,2018-08-31T07:48:36.936,2018-08-31T07:49:30.637,,48:36.9,7:48:36,0,600,#N/A,#N/A,0:16:11,971.27,-1
pert-josh,M6@bmm,6,288,6711,4,567,NULL,1319426,1319426,1319426,1319487,LIMIT,SELL,1,745,2018-08-31T07:48:37.449,2018-08-31T07:49:32.669,,48:37.4,7:48:37,0,600,#N/A,#N/A,0:16:12,971.79,-1
pert-josh,M2@bmm,2,288,6711,4,567,NULL,1319427,1319427,1319427,1319431,LIMIT,BUY,1,740,2018-08-31T07:48:39.611,2018-08-31T07:48:49.162,,48:39.6,7:48:39,0,600,#N/A,#N/A,0:16:14,973.95,1
pert-josh,M5@bmm,5,288,6711,4,567,NULL,1319428,1319423,1319423,1319423,CANCEL,SELL,1,760,2018-08-31T07:48:40.950,2018-08-31T07:48:40.954,,48:40.9,7:48:40,0,600,#N/A,#N/A,0:16:15,975.29,-1
pert-josh,M1@bmm,1,288,6711,4,567,NULL,1319429,1319429,1319429,1319586,LIMIT,BUY,1,700,2018-08-31T07:48:41.849,2018-08-31T07:51:17.525,,48:41.8,7:48:41,0,600,#N/A,#N/A,0:16:16,976.19,1
pert-josh,M2@bmm,2,288,6711,4,567,NULL,1319430,1319430,1319430,1319533,LIMIT,SELL,1,745,2018-08-31T07:48:48.651,2018-08-31T07:50:38.083,,48:48.7,7:48:48,0,600,#N/A,#N/A,0:16:23,982.99,-1
pert-josh,M8@bmm,8,288,6711,4,567,NULL,1319431,1319431,1319431,1319427,LIMIT,SELL,1,740,2018-08-31T07:48:49.158,2018-08-31T07:48:49.162,,48:49.2,7:48:49,1,600,740,140,0:16:23,983.5,-1
pert-josh,M2@bmm,2,288,6711,4,567,NULL,1319432,1319432,1319432,1319435,LIMIT,BUY,1,740,2018-08-31T07:48:54.395,2018-08-31T07:48:58.970,,48:54.4,7:48:54,0,600,#N/A,#N/A,0:16:29,988.73,1
pert-josh,M5@bmm,5,288,6711,4,567,NULL,1319433,1319394,1319394,1319394,CANCEL,BUY,1,540,2018-08-31T07:48:56.260,2018-08-31T07:48:56.266,,48:56.3,7:48:56,0,600,#N/A,#N/A,0:16:31,990.6,1
pert-josh,M7@bmm,7,288,6711,4,567,NULL,1319434,1319434,1319434,1319436,LIMIT,BUY,1,740,2018-08-31T07:48:56.914,2018-08-31T07:48:59.778,,48:56.9,7:48:56,0,600,#N/A,#N/A,0:16:31,991.25,1
pert-josh,M8@bmm,8,288,6711,4,567,NULL,1319435,1319435,1319435,1319432,LIMIT,SELL,1,740,2018-08-31T07:48:58.965,2018-08-31T07:48:58.969,,48:59.0,7:48:58,1,600,740,140,0:16:33,993.3,-1
pert-josh,M8@bmm,8,288,6711,4,567,NULL,1319436,1319436,1319436,1319434,LIMIT,SELL,1,740,2018-08-31T07:48:59.773,2018-08-31T07:48:59.778,,48:59.8,7:48:59,1,600,740,140,0:16:34,994.11,-1
pert-josh,M2@bmm,2,288,6711,4,567,NULL,1319437,1319437,1319437,1319534,LIMIT,SELL,1,745,2018-08-31T07:49:01.987,2018-08-31T07:50:38.580,,49:02.0,7:49:01,0,600,#N/A,#N/A,0:16:36,996.33,-1
pert-josh,M2@bmm,2,288,6711,4,567,NULL,1319438,1319438,1319438,1319556,LIMIT,BUY,1,740,2018-08-31T07:49:07.068,2018-08-31T07:51:00.013,,49:07.1,7:49:07,0,600,#N/A,#N/A,0:16:41,1001.41,1
pert-josh,M2@bmm,2,288,6711,4,567,NULL,1319439,1319439,1319439,NULL,LIMIT,BUY,1,740,2018-08-31T07:49:07.896,2018-08-31T07:49:07.899,,49:07.9,7:49:07,0,600,#N/A,#N/A,0:16:42,1002.23,1
pert-josh,M2@bmm,2,288,6711,4,567,NULL,1319440,1319440,1319440,NULL,LIMIT,BUY,1,740,2018-08-31T07:49:08.614,2018-08-31T07:49:08.617,,49:08.6,7:49:08,0,600,#N/A,#N/A,0:16:43,1002.95,1
pert-josh,M8@bmm,8,288,6711,4,567,NULL,1319441,1319399,1319399,1319399,CANCEL,BUY,1,590,2018-08-31T07:49:10.347,2018-08-31T07:49:10.351,,49:10.3,7:49:10,0,600,#N/A,#N/A,0:16:45,1004.69,1
pert-josh,M8@bmm,8,288,6711,4,567,NULL,1319442,1319395,1319395,1319395,CANCEL,BUY,1,570,2018-08-31T07:49:11.393,2018-08-31T07:49:11.397,,49:11.4,7:49:11,0,600,#N/A,#N/A,0:16:46,1005.73,1
pert-josh,M8@bmm,8,288,6711,4,567,NULL,1319443,1319391,1319391,1319391,CANCEL,BUY,1,535,2018-08-31T07:49:13.427,2018-08-31T07:49:13.431,,49:13.4,7:49:13,0,600,#N/A,#N/A,0:16:48,1007.77,1
pert-josh,M8@bmm,8,288,6711,4,567,NULL,1319444,1319390,1319390,1319390,CANCEL,BUY,1,490,2018-08-31T07:49:14.097,2018-08-31T07:49:14.107,,49:14.1,7:49:14,0,600,#N/A,#N/A,0:16:48,1008.44,1
pert-josh,M1@bmm,1,288,6711,4,567,NULL,1319445,1319445,1319445,1319584,LIMIT,BUY,1,700,2018-08-31T07:49:15.696,2018-08-31T07:51:17.015,,49:15.7,7:49:15,0,600,#N/A,#N/A,0:16:50,1010.03,1
pert-josh,M8@bmm,8,288,6711,4,567,NULL,1319446,1319446,1319446,NULL,LIMIT,SELL,1,1000,2018-08-31T07:49:17.629,2018-08-31T07:49:17.631,,49:17.6,7:49:17,0,600,#N/A,#N/A,0:16:52,1011.97,-1
pert-josh,M8@bmm,8,288,6711,4,567,NULL,1319447,1319447,1319447,NULL,LIMIT,SELL,1,1000,2018-08-31T07:49:17.873,2018-08-31T07:49:17.876,,49:17.9,7:49:17,0,600,#N/A,#N/A,0:16:52,1012.21,-1
pert-josh,M3@bmm,3,288,6711,4,567,NULL,1319448,1319448,1319448,1319595,LIMIT,SELL,1,750,2018-08-31T07:49:17.971,2018-08-31T07:51:19.419,,49:18.0,7:49:17,0,600,#N/A,#N/A,0:16:52,1012.31,-1
pert-josh,M8@bmm,8,288,6711,4,567,NULL,1319449,1319449,1319449,NULL,LIMIT,SELL,1,1000,2018-08-31T07:49:18.108,2018-08-31T07:49:18.110,,49:18.1,7:49:18,0,600,#N/A,#N/A,0:16:52,1012.45,-1
pert-josh,M7@bmm,7,288,6711,4,567,NULL,1319450,1319450,1319450,1319617,LIMIT,SELL,1,750,2018-08-31T07:49:18.249,2018-08-31T07:51:23.305,,49:18.2,7:49:18,0,600,#N/A,#N/A,0:16:53,1012.59,-1
pert-josh,M8@bmm,8,288,6711,4,567,NULL,1319451,1319451,1319451,1319630,LIMIT,SELL,1,1000,2018-08-31T07:49:18.340,2018-08-31T07:51:50.641,,49:18.3,7:49:18,0,600,#N/A,#N/A,0:16:53,1012.68,-1
pert-josh,M5@bmm,5,288,6711,4,567,NULL,1319452,1319452,1319452,1319424,LIMIT,BUY,1,745,2018-08-31T07:49:18.503,2018-08-31T07:49:18.507,,49:18.5,7:49:18,1,600,745,145,0:16:53,1012.84,1
pert-josh,M8@bmm,8,288,6711,4,567,NULL,1319453,1319453,1319453,1319629,LIMIT,SELL,1,1000,2018-08-31T07:49:18.574,2018-08-31T07:51:50.192,,49:18.6,7:49:18,0,600,#N/A,#N/A,0:16:53,1012.91,-1
pert-josh,M8@bmm,8,288,6711,4,567,NULL,1319454,1319454,1319454,1319627,LIMIT,SELL,1,1000,2018-08-31T07:49:18.764,2018-08-31T07:51:49.824,,49:18.8,7:49:18,0,600,#N/A,#N/A,0:16:53,1013.1,-1
pert-josh,M8@bmm,8,288,6711,4,567,NULL,1319455,1319455,1319455,1319625,LIMIT,SELL,1,1000,2018-08-31T07:49:18.836,2018-08-31T07:51:49.188,,49:18.8,7:49:18,0,600,#N/A,#N/A,0:16:53,1013.17,-1
pert-josh,M3@bmm,3,288,6711,4,567,NULL,1319456,1319456,1319456,1319557,LIMIT,SELL,1,770,2018-08-31T07:49:21.108,2018-08-31T07:51:00.035,,49:21.1,7:49:21,0,600,#N/A,#N/A,0:16:55,1015.45,-1
pert-josh,M8@bmm,8,288,6711,4,567,NULL,1319457,1319457,1319457,1319621,LIMIT,BUY,1,5,2018-08-31T07:49:23.589,2018-08-31T07:51:24.040,,49:23.6,7:49:23,0,600,#N/A,#N/A,0:16:58,1017.93,1
pert-josh,M8@bmm,8,288,6711,4,567,NULL,1319458,1319458,1319458,1319619,LIMIT,BUY,1,5,2018-08-31T07:49:24.174,2018-08-31T07:51:23.664,,49:24.2,7:49:24,0,600,#N/A,#N/A,0:16:59,1018.51,1
pert-josh,M8@bmm,8,288,6711,4,567,NULL,1319459,1319459,1319459,1319616,LIMIT,BUY,1,5,2018-08-31T07:49:24.359,2018-08-31T07:51:23.287,,49:24.4,7:49:24,0,600,#N/A,#N/A,0:16:59,1018.7,1
pert-josh,M8@bmm,8,288,6711,4,567,NULL,1319460,1319460,1319460,1319614,LIMIT,BUY,1,5,2018-08-31T07:49:24.541,2018-08-31T07:51:22.918,,49:24.5,7:49:24,0,600,#N/A,#N/A,0:16:59,1018.88,1
pert-josh,M8@bmm,8,288,6711,4,567,NULL,1319461,1319461,1319461,1319612,LIMIT,BUY,1,5,2018-08-31T07:49:24.720,2018-08-31T07:51:22.566,,49:24.7,7:49:24,0,600,#N/A,#N/A,0:16:59,1019.06,1
pert-josh,M8@bmm,8,288,6711,4,567,NULL,1319462,1319462,1319462,1319610,LIMIT,BUY,1,5,2018-08-31T07:49:24.892,2018-08-31T07:51:22.192,,49:24.9,7:49:24,0,600,#N/A,#N/A,0:16:59,1019.23,1
pert-josh,M8@bmm,8,288,6711,4,567,NULL,1319463,1319463,1319463,1319608,LIMIT,BUY,1,5,2018-08-31T07:49:25.072,2018-08-31T07:51:21.798,,49:25.1,7:49:25,0,600,#N/A,#N/A,0:16:59,1019.41,1
pert-josh,M8@bmm,8,288,6711,4,567,NULL,1319464,1319464,1319464,1319606,LIMIT,BUY,1,5,2018-08-31T07:49:25.245,2018-08-31T07:51:21.399,,49:25.2,7:49:25,0,600,#N/A,#N/A,0:17:00,1019.58,1
