account,email,owner,marketplace,session,period,periodOrig,market,target,order,original,supplier,consumer,type,side,units,price,createdDate,lastModifiedDate,16. just time,17. just second,trade,fair value,trade price,mispricing,time secs,buy/sell,vol1,vol2,vol3,vol4,vol5,vol6,vol7,vol8
limpid-josh,M5@bmm,8042,1280,32750,1,32750,2236,NULL,19841156,19841156,19841156,19841390,LIMIT,BUY,1,135,2021-06-15T07:21:22.862,2021-06-15T07:25:38.260,21:22.9,07:21:22,0,750,0,#N/A,0,1,0,0,0,0,0,0,0,0
limpid-josh,M5@bmm,8042,1280,32750,1,32750,2236,NULL,19841157,19841157,19841157,19841389,LIMIT,BUY,1,135,2021-06-15T07:21:22.914,2021-06-15T07:25:37.853,21:22.9,07:21:22,0,750,0,#N/A,0.052,1,0,0,0,0,0,0,0,0
limpid-josh,M5@bmm,8042,1280,32750,1,32750,2236,NULL,19841158,19841158,19841158,19841387,LIMIT,BUY,1,135,2021-06-15T07:21:22.938,2021-06-15T07:25:37.149,21:22.9,07:21:22,0,750,0,#N/A,0.076,1,0,0,0,0,0,0,0,0
limpid-josh,M5@bmm,8042,1280,32750,1,32750,2236,NULL,19841159,19841159,19841159,19841384,LIMIT,BUY,1,135,2021-06-15T07:21:22.974,2021-06-15T07:25:36.509,21:23.0,07:21:22,0,750,0,#N/A,0.112,1,0,0,0,0,0,0,0,0
limpid-josh,M5@bmm,8042,1280,32750,1,32750,2236,NULL,19841160,19841160,19841160,19841383,LIMIT,BUY,1,215,2021-06-15T07:21:24.757,2021-06-15T07:25:35.981,21:24.8,07:21:24,0,750,0,#N/A,1.895,1,0,0,0,0,0,0,0,0
limpid-josh,M3@bmm,8040,1280,32750,1,32750,2236,NULL,19841161,19841161,19841161,19841240,LIMIT,SELL,1,800,2021-06-15T07:21:26.503,2021-06-15T07:23:24.581,21:26.5,07:21:26,0,750,0,#N/A,3.641,-1,0,0,0,0,0,0,0,0
limpid-josh,M1@bmm,8038,1280,32750,1,32750,2236,NULL,19841162,19841162,19841162,19841172,LIMIT,BUY,1,200,2021-06-15T07:21:28.655,2021-06-15T07:21:39.635,21:28.7,07:21:28,0,750,0,#N/A,5.793,1,0,0,0,0,0,0,0,0
limpid-josh,M3@bmm,8040,1280,32750,1,32750,2236,NULL,19841163,19841163,19841163,19841236,LIMIT,SELL,1,800,2021-06-15T07:21:29.301,2021-06-15T07:23:21.261,21:29.3,07:21:29,0,750,0,#N/A,6.439,-1,0,0,0,0,0,0,0,0
limpid-josh,M6@bmm,8043,1280,32750,1,32750,2236,NULL,19841164,19841164,19841164,19841186,LIMIT,BUY,1,145,2021-06-15T07:21:29.374,2021-06-15T07:22:10.941,21:29.4,07:21:29,0,750,0,#N/A,6.512,1,0,0,0,0,0,0,0,0
limpid-josh,M5@bmm,8042,1280,32750,1,32750,2236,NULL,19841165,19841165,19841165,19841381,LIMIT,BUY,1,230,2021-06-15T07:21:29.549,2021-06-15T07:25:35.318,21:29.5,07:21:29,0,750,0,#N/A,6.687,1,0,0,0,0,0,0,0,0
limpid-josh,M3@bmm,8040,1280,32750,1,32750,2236,NULL,19841166,19841166,19841166,19841234,LIMIT,SELL,1,800,2021-06-15T07:21:31.685,2021-06-15T07:23:20.921,21:31.7,07:21:31,0,750,0,#N/A,8.823,-1,0,0,0,0,0,0,0,0
limpid-josh,M8@bmm,8045,1280,32750,1,32750,2236,NULL,19841167,19841167,19841167,19841204,LIMIT,BUY,1,245,2021-06-15T07:21:33.384,2021-06-15T07:22:44.550,21:33.4,07:21:33,0,750,0,#N/A,10.522,1,0,0,0,0,0,0,0,0
limpid-josh,M3@bmm,8040,1280,32750,1,32750,2236,NULL,19841168,19841168,19841168,19841223,LIMIT,SELL,1,800,2021-06-15T07:21:34.021,2021-06-15T07:23:04.376,21:34.0,07:21:34,0,750,0,#N/A,11.159,-1,0,0,0,0,0,0,0,0
limpid-josh,M3@bmm,8040,1280,32750,1,32750,2236,NULL,19841169,19841169,19841169,19841220,LIMIT,SELL,1,800,2021-06-15T07:21:34.789,2021-06-15T07:23:03.695,21:34.8,07:21:34,0,750,0,#N/A,11.927,-1,0,0,0,0,0,0,0,0
limpid-josh,M7@bmm,8044,1280,32750,1,32750,2236,NULL,19841170,19841170,19841170,19841179,LIMIT,SELL,1,500,2021-06-15T07:21:37.122,2021-06-15T07:21:59.161,21:37.1,07:21:37,0,750,0,#N/A,14.26,-1,0,0,0,0,0,0,0,0
limpid-josh,M1@bmm,8038,1280,32750,1,32750,2236,NULL,19841171,19841171,19841171,19841174,LIMIT,BUY,1,250,2021-06-15T07:21:38.159,2021-06-15T07:21:47.595,21:38.2,07:21:38,0,750,0,#N/A,15.297,1,0,0,0,0,0,0,0,0
limpid-josh,M1@bmm,8038,1280,32750,1,32750,2236,NULL,19841172,19841162,19841172,19841162,CANCEL,BUY,1,200,2021-06-15T07:21:39.629,2021-06-15T07:21:39.635,21:39.6,07:21:39,0,750,0,#N/A,16.767,1,0,0,0,0,0,0,0,0
limpid-josh,M5@bmm,8042,1280,32750,1,32750,2236,NULL,19841173,19841173,19841173,19841395,LIMIT,SELL,1,610,2021-06-15T07:21:42.742,2021-06-15T07:25:47.962,21:42.7,07:21:42,0,750,0,#N/A,19.88,-1,0,0,0,0,0,0,0,0
limpid-josh,M6@bmm,8043,1280,32750,1,32750,2236,NULL,19841174,19841174,19841174,19841171,LIMIT,SELL,1,250,2021-06-15T07:21:47.585,2021-06-15T07:21:47.595,21:47.6,07:21:47,1,750,250,-500,24.723,-1,0,0,0,0,0,1,0,0
limpid-josh,M1@bmm,8038,1280,32750,1,32750,2236,NULL,19841175,19841175,19841175,19841184,LIMIT,BUY,1,250,2021-06-15T07:21:51.552,2021-06-15T07:22:08.505,21:51.6,07:21:51,0,750,0,#N/A,28.69,1,0,0,0,0,0,0,0,0
limpid-josh,M4@bmm,8041,1280,32750,1,32750,2236,NULL,19841176,19841176,19841176,19841178,LIMIT,SELL,1,350,2021-06-15T07:21:56.628,2021-06-15T07:21:56.736,21:56.6,07:21:56,0,750,0,#N/A,33.766,-1,0,0,0,0,0,0,0,0
limpid-josh,M3@bmm,8040,1280,32750,1,32750,2236,NULL,19841177,19841177,19841177,0,LIMIT,BUY,1,500,2021-06-15T07:21:56.726,2021-06-15T07:21:56.736,21:56.7,07:21:56,0,750,0,#N/A,33.864,1,0,0,0,0,0,0,0,0
limpid-josh,M3@bmm,8040,1280,32750,1,32750,2236,NULL,19841178,19841177,19841177,19841176,LIMIT,BUY,1,350,2021-06-15T07:21:56.733,2021-06-15T07:21:56.737,21:56.7,07:21:56,1,750,350,-400,33.871,1,0,0,1,0,0,0,0,0
limpid-josh,M3@bmm,8040,1280,32750,1,32750,2236,NULL,19841179,19841179,19841179,19841170,LIMIT,BUY,1,500,2021-06-15T07:21:59.153,2021-06-15T07:21:59.160,21:59.2,07:21:59,1,750,500,-250,36.291,1,0,0,1,0,0,0,0,0
limpid-josh,M5@bmm,8042,1280,32750,1,32750,2236,NULL,19841180,19841180,19841180,19841380,LIMIT,BUY,1,295,2021-06-15T07:22:02.405,2021-06-15T07:25:34.763,22:02.4,07:22:02,0,750,0,#N/A,39.543,1,0,0,0,0,0,0,0,0
limpid-josh,M5@bmm,8042,1280,32750,1,32750,2236,NULL,19841181,19841181,19841181,19841378,LIMIT,BUY,1,295,2021-06-15T07:22:03.492,2021-06-15T07:25:34.266,22:03.5,07:22:03,0,750,0,#N/A,40.63,1,0,0,0,0,0,0,0,0
limpid-josh,M6@bmm,8043,1280,32750,1,32750,2236,NULL,19841182,19841182,19841182,19841280,LIMIT,BUY,1,405,2021-06-15T07:22:06.610,2021-06-15T07:24:05.381,22:06.6,07:22:06,0,750,0,#N/A,43.748,1,0,0,0,0,0,0,0,0
limpid-josh,M1@bmm,8038,1280,32750,1,32750,2236,NULL,19841183,19841183,19841183,19841198,LIMIT,BUY,1,300,2021-06-15T07:22:06.870,2021-06-15T07:22:25.459,22:06.9,07:22:06,0,750,0,#N/A,44.008,1,0,0,0,0,0,0,0,0
limpid-josh,M1@bmm,8038,1280,32750,1,32750,2236,NULL,19841184,19841175,19841184,19841175,CANCEL,BUY,1,250,2021-06-15T07:22:08.497,2021-06-15T07:22:08.505,22:08.5,07:22:08,0,750,0,#N/A,45.635,1,0,0,0,0,0,0,0,0
limpid-josh,M3@bmm,8040,1280,32750,1,32750,2236,NULL,19841185,19841185,19841185,19841189,LIMIT,BUY,1,450,2021-06-15T07:22:09.863,2021-06-15T07:22:16.241,22:09.9,07:22:09,0,750,0,#N/A,47.001,1,0,0,0,0,0,0,0,0
limpid-josh,M6@bmm,8043,1280,32750,1,32750,2236,NULL,19841186,19841164,19841186,19841164,CANCEL,BUY,1,145,2021-06-15T07:22:10.935,2021-06-15T07:22:10.940,22:10.9,07:22:10,0,750,0,#N/A,48.073,1,0,0,0,0,0,0,0,0
limpid-josh,M3@bmm,8040,1280,32750,1,32750,2236,NULL,19841187,19841187,19841187,19841192,LIMIT,BUY,1,450,2021-06-15T07:22:12.966,2021-06-15T07:22:16.399,22:13.0,07:22:12,0,750,0,#N/A,50.104,1,0,0,0,0,0,0,0,0
limpid-josh,M7@bmm,8044,1280,32750,1,32750,2236,NULL,19841188,19841188,19841188,0,LIMIT,SELL,1,310,2021-06-15T07:22:16.232,2021-06-15T07:22:16.241,22:16.2,07:22:16,0,750,0,#N/A,53.37,-1,0,0,0,0,0,0,0,0
limpid-josh,M7@bmm,8044,1280,32750,1,32750,2236,NULL,19841189,19841188,19841188,19841185,LIMIT,SELL,1,450,2021-06-15T07:22:16.238,2021-06-15T07:22:16.241,22:16.2,07:22:16,1,750,450,-300,53.376,-1,0,0,0,0,0,0,1,0
limpid-josh,M3@bmm,8040,1280,32750,1,32750,2236,NULL,19841190,19841190,19841190,19841196,LIMIT,BUY,1,450,2021-06-15T07:22:16.285,2021-06-15T07:22:22.613,22:16.3,07:22:16,0,750,0,#N/A,53.423,1,0,0,0,0,0,0,0,0
limpid-josh,M8@bmm,8045,1280,32750,1,32750,2236,NULL,19841191,19841191,19841191,19841215,LIMIT,SELL,1,610,2021-06-15T07:22:16.321,2021-06-15T07:23:00.125,22:16.3,07:22:16,0,750,0,#N/A,53.459,-1,0,0,0,0,0,0,0,0
limpid-josh,M4@bmm,8041,1280,32750,1,32750,2236,NULL,19841192,19841192,19841192,19841187,LIMIT,SELL,1,450,2021-06-15T07:22:16.392,2021-06-15T07:22:16.399,22:16.4,07:22:16,1,750,450,-300,53.53,-1,0,0,0,1,0,0,0,0
limpid-josh,M5@bmm,8042,1280,32750,1,32750,2236,NULL,19841193,19841193,19841193,19841404,LIMIT,SELL,1,605,2021-06-15T07:22:21.863,2021-06-15T07:25:52.028,22:21.9,07:22:21,0,750,0,#N/A,59.001,-1,0,0,0,0,0,0,0,0
limpid-josh,M5@bmm,8042,1280,32750,1,32750,2236,NULL,19841194,19841194,19841194,19841402,LIMIT,SELL,1,605,2021-06-15T07:22:22.148,2021-06-15T07:25:51.045,22:22.1,07:22:22,0,750,0,#N/A,59.286,-1,0,0,0,0,0,0,0,0
limpid-josh,M5@bmm,8042,1280,32750,1,32750,2236,NULL,19841195,19841195,19841195,19841398,LIMIT,SELL,1,605,2021-06-15T07:22:22.349,2021-06-15T07:25:48.821,22:22.3,07:22:22,0,750,0,#N/A,59.487,-1,0,0,0,0,0,0,0,0
limpid-josh,M4@bmm,8041,1280,32750,1,32750,2236,NULL,19841196,19841196,19841196,19841190,LIMIT,SELL,1,450,2021-06-15T07:22:22.607,2021-06-15T07:22:22.613,22:22.6,07:22:22,1,750,450,-300,59.745,-1,0,0,0,1,0,0,0,0
limpid-josh,M1@bmm,8038,1280,32750,1,32750,2236,NULL,19841197,19841197,19841197,19841219,LIMIT,BUY,1,410,2021-06-15T07:22:24.343,2021-06-15T07:23:03.616,22:24.3,07:22:24,0,750,0,#N/A,61.481,1,0,0,0,0,0,0,0,0
limpid-josh,M1@bmm,8038,1280,32750,1,32750,2236,NULL,19841198,19841183,19841198,19841183,CANCEL,BUY,1,300,2021-06-15T07:22:25.452,2021-06-15T07:22:25.458,22:25.5,07:22:25,0,750,0,#N/A,62.59,1,0,0,0,0,0,0,0,0
limpid-josh,M6@bmm,8043,1280,32750,1,32750,2236,NULL,19841199,19841199,19841199,19841292,LIMIT,BUY,1,460,2021-06-15T07:22:27.120,2021-06-15T07:24:28.431,22:27.1,07:22:27,0,750,0,#N/A,64.258,1,0,0,0,0,0,0,0,0
limpid-josh,M7@bmm,8044,1280,32750,1,32750,2236,NULL,19841200,19841200,19841200,19841208,LIMIT,SELL,1,500,2021-06-15T07:22:30.968,2021-06-15T07:22:50.988,22:31.0,07:22:30,0,750,0,#N/A,68.106,-1,0,0,0,0,0,0,0,0
limpid-josh,M5@bmm,8042,1280,32750,1,32750,2236,NULL,19841201,19841201,19841201,19841377,LIMIT,BUY,1,465,2021-06-15T07:22:36.436,2021-06-15T07:25:31.935,22:36.4,07:22:36,0,750,0,#N/A,73.574,1,0,0,0,0,0,0,0,0
limpid-josh,M3@bmm,8040,1280,32750,1,32750,2236,NULL,19841202,19841202,19841202,NULL,LIMIT,BUY,1,460,2021-06-15T07:22:38.305,2021-06-15T07:22:38.308,22:38.3,07:22:38,0,750,0,#N/A,75.443,1,0,0,0,0,0,0,0,0
limpid-josh,M5@bmm,8042,1280,32750,1,32750,2236,NULL,19841203,19841203,19841203,19841375,LIMIT,BUY,1,465,2021-06-15T07:22:40.964,2021-06-15T07:25:30.967,22:41.0,07:22:40,0,750,0,#N/A,78.102,1,0,0,0,0,0,0,0,0
limpid-josh,M8@bmm,8045,1280,32750,1,32750,2236,NULL,19841204,19841167,19841204,19841167,CANCEL,BUY,1,245,2021-06-15T07:22:44.544,2021-06-15T07:22:44.550,22:44.5,07:22:44,0,750,0,#N/A,81.682,1,0,0,0,0,0,0,0,0
limpid-josh,M2@bmm,8039,1280,32750,1,32750,2236,NULL,19841205,19841205,19841205,19841352,LIMIT,BUY,1,460,2021-06-15T07:22:46.157,2021-06-15T07:25:16.413,22:46.2,07:22:46,0,750,0,#N/A,83.295,1,0,0,0,0,0,0,0,0
limpid-josh,M6@bmm,8043,1280,32750,1,32750,2236,NULL,19841206,19841206,19841206,19841210,LIMIT,BUY,1,470,2021-06-15T07:22:48.778,2021-06-15T07:22:55.193,22:48.8,07:22:48,0,750,0,#N/A,85.916,1,0,0,0,0,0,0,0,0
limpid-josh,M2@bmm,8039,1280,32750,1,32750,2236,NULL,19841207,19841207,19841207,19841350,LIMIT,BUY,1,460,2021-06-15T07:22:49.275,2021-06-15T07:25:15.439,22:49.3,07:22:49,0,750,0,#N/A,86.413,1,0,0,0,0,0,0,0,0
limpid-josh,M8@bmm,8045,1280,32750,1,32750,2236,NULL,19841208,19841208,19841208,19841200,LIMIT,BUY,1,500,2021-06-15T07:22:50.977,2021-06-15T07:22:50.987,22:51.0,07:22:50,1,750,500,-250,88.115,1,0,0,0,0,0,0,0,1
limpid-josh,M6@bmm,8043,1280,32750,1,32750,2236,NULL,19841209,19841209,19841209,0,LIMIT,SELL,1,465,2021-06-15T07:22:55.178,2021-06-15T07:22:55.187,22:55.2,07:22:55,0,750,0,#N/A,92.316,-1,0,0,0,0,0,0,0,0
limpid-josh,M6@bmm,8043,1280,32750,1,32750,2236,NULL,19841210,19841209,19841209,19841206,LIMIT,SELL,1,470,2021-06-15T07:22:55.184,2021-06-15T07:22:55.187,22:55.2,07:22:55,1,750,470,-280,92.322,-1,0,0,0,0,0,1,0,0
limpid-josh,M7@bmm,8044,1280,32750,1,32750,2236,NULL,19841211,19841211,19841211,19841260,LIMIT,SELL,1,500,2021-06-15T07:22:55.543,2021-06-15T07:23:50.252,22:55.5,07:22:55,0,750,0,#N/A,92.681,-1,0,0,0,0,0,0,0,0
limpid-josh,M2@bmm,8039,1280,32750,1,32750,2236,NULL,19841212,19841212,19841212,19841214,LIMIT,BUY,1,470,2021-06-15T07:22:56.102,2021-06-15T07:22:57.808,22:56.1,07:22:56,0,750,0,#N/A,93.24,1,0,0,0,0,0,0,0,0
limpid-josh,M3@bmm,8040,1280,32750,1,32750,2236,NULL,19841213,19841213,19841213,NULL,LIMIT,BUY,1,460,2021-06-15T07:22:56.287,2021-06-15T07:22:56.290,22:56.3,07:22:56,0,750,0,#N/A,93.425,1,0,0,0,0,0,0,0,0
limpid-josh,M4@bmm,8041,1280,32750,1,32750,2236,NULL,19841214,19841214,19841214,19841212,LIMIT,SELL,1,470,2021-06-15T07:22:57.802,2021-06-15T07:22:57.808,22:57.8,07:22:57,1,750,470,-280,94.94,-1,0,0,0,1,0,0,0,0
limpid-josh,M8@bmm,8045,1280,32750,1,32750,2236,NULL,19841215,19841191,19841215,19841191,CANCEL,SELL,1,610,2021-06-15T07:23:00.120,2021-06-15T07:23:00.125,23:00.1,07:23:00,0,750,0,#N/A,97.258,-1,0,0,0,0,0,0,0,0
limpid-josh,M2@bmm,8039,1280,32750,1,32750,2236,NULL,19841216,19841216,19841216,19841346,LIMIT,BUY,1,460,2021-06-15T07:23:01.227,2021-06-15T07:25:11.600,23:01.2,07:23:01,0,750,0,#N/A,98.365,1,0,0,0,0,0,0,0,0
limpid-josh,M2@bmm,8039,1280,32750,1,32750,2236,NULL,19841217,19841217,19841217,19841344,LIMIT,BUY,1,460,2021-06-15T07:23:02.155,2021-06-15T07:25:09.984,23:02.2,07:23:02,0,750,0,#N/A,99.293,1,0,0,0,0,0,0,0,0
limpid-josh,M1@bmm,8038,1280,32750,1,32750,2236,NULL,19841218,19841218,19841218,19841232,LIMIT,BUY,1,470,2021-06-15T07:23:02.519,2021-06-15T07:23:20.257,23:02.5,07:23:02,0,750,0,#N/A,99.657,1,0,0,0,0,0,0,0,0
limpid-josh,M1@bmm,8038,1280,32750,1,32750,2236,NULL,19841219,19841197,19841219,19841197,CANCEL,BUY,1,410,2021-06-15T07:23:03.610,2021-06-15T07:23:03.616,23:03.6,07:23:03,0,750,0,#N/A,100.748,1,0,0,0,0,0,0,0,0
limpid-josh,M3@bmm,8040,1280,32750,1,32750,2236,NULL,19841220,19841169,19841220,19841169,CANCEL,SELL,1,800,2021-06-15T07:23:03.688,2021-06-15T07:23:03.694,23:03.7,07:23:03,0,750,0,#N/A,100.826,-1,0,0,0,0,0,0,0,0
limpid-josh,M2@bmm,8039,1280,32750,1,32750,2236,NULL,19841221,19841221,19841221,19841343,LIMIT,BUY,1,460,2021-06-15T07:23:03.908,2021-06-15T07:25:09.309,23:03.9,07:23:03,0,750,0,#N/A,101.046,1,0,0,0,0,0,0,0,0
limpid-josh,M3@bmm,8040,1280,32750,1,32750,2236,NULL,19841222,19841169,19841222,19841222,CANCEL,SELL,1,800,2021-06-15T07:23:03.938,2021-06-15T07:23:03.944,23:03.9,07:23:03,0,750,0,#N/A,101.076,-1,0,0,0,0,0,0,0,0
limpid-josh,M3@bmm,8040,1280,32750,1,32750,2236,NULL,19841223,19841168,19841223,19841168,CANCEL,SELL,1,800,2021-06-15T07:23:04.368,2021-06-15T07:23:04.376,23:04.4,07:23:04,0,750,0,#N/A,101.506,-1,0,0,0,0,0,0,0,0
limpid-josh,M2@bmm,8039,1280,32750,1,32750,2236,NULL,19841224,19841224,19841224,19841342,LIMIT,BUY,1,460,2021-06-15T07:23:05.468,2021-06-15T07:25:08.454,23:05.5,07:23:05,0,750,0,#N/A,102.606,1,0,0,0,0,0,0,0,0
limpid-josh,M5@bmm,8042,1280,32750,1,32750,2236,NULL,19841225,19841225,19841225,19841233,LIMIT,SELL,1,495,2021-06-15T07:23:06.381,2021-06-15T07:23:20.673,23:06.4,07:23:06,0,750,0,#N/A,103.519,-1,0,0,0,0,0,0,0,0
limpid-josh,M5@bmm,8042,1280,32750,1,32750,2236,NULL,19841226,19841226,19841226,19841237,LIMIT,SELL,1,495,2021-06-15T07:23:06.540,2021-06-15T07:23:21.925,23:06.5,07:23:06,0,750,0,#N/A,103.678,-1,0,0,0,0,0,0,0,0
limpid-josh,M3@bmm,8040,1280,32750,1,32750,2236,NULL,19841227,19841227,19841227,NULL,LIMIT,SELL,1,750,2021-06-15T07:23:15.887,2021-06-15T07:23:15.890,23:15.9,07:23:15,0,750,0,#N/A,113.025,-1,0,0,0,0,0,0,0,0
limpid-josh,M3@bmm,8040,1280,32750,1,32750,2236,NULL,19841228,19841228,19841228,NULL,LIMIT,SELL,1,750,2021-06-15T07:23:18.470,2021-06-15T07:23:18.473,23:18.5,07:23:18,0,750,0,#N/A,115.608,-1,0,0,0,0,0,0,0,0
limpid-josh,M3@bmm,8040,1280,32750,1,32750,2236,NULL,19841229,19841229,19841229,NULL,LIMIT,SELL,1,750,2021-06-15T07:23:18.713,2021-06-15T07:23:18.716,23:18.7,07:23:18,0,750,0,#N/A,115.851,-1,0,0,0,0,0,0,0,0
limpid-josh,M3@bmm,8040,1280,32750,1,32750,2236,NULL,19841230,19841230,19841230,NULL,LIMIT,SELL,1,750,2021-06-15T07:23:18.950,2021-06-15T07:23:18.952,23:18.9,07:23:18,0,750,0,#N/A,116.088,-1,0,0,0,0,0,0,0,0
limpid-josh,M6@bmm,8043,1280,32750,1,32750,2236,NULL,19841231,19841231,19841231,0,LIMIT,SELL,1,465,2021-06-15T07:23:20.240,2021-06-15T07:23:20.257,23:20.2,07:23:20,0,750,0,#N/A,117.378,-1,0,0,0,0,0,0,0,0
limpid-josh,M6@bmm,8043,1280,32750,1,32750,2236,NULL,19841232,19841231,19841231,19841218,LIMIT,SELL,1,470,2021-06-15T07:23:20.254,2021-06-15T07:23:20.257,23:20.3,07:23:20,1,750,470,-280,117.392,-1,0,0,0,0,0,1,0,0
limpid-josh,M7@bmm,8044,1280,32750,1,32750,2236,NULL,19841233,19841233,19841233,19841225,LIMIT,BUY,1,495,2021-06-15T07:23:20.663,2021-06-15T07:23:20.673,23:20.7,07:23:20,1,750,495,-255,117.801,1,0,0,0,0,0,0,1,0
limpid-josh,M3@bmm,8040,1280,32750,1,32750,2236,NULL,19841234,19841166,19841234,19841166,CANCEL,SELL,1,800,2021-06-15T07:23:20.916,2021-06-15T07:23:20.921,23:20.9,07:23:20,0,750,0,#N/A,118.054,-1,0,0,0,0,0,0,0,0
limpid-josh,M3@bmm,8040,1280,32750,1,32750,2236,NULL,19841235,19841166,19841235,19841235,CANCEL,SELL,1,800,2021-06-15T07:23:21.087,2021-06-15T07:23:21.093,23:21.1,07:23:21,0,750,0,#N/A,118.225,-1,0,0,0,0,0,0,0,0
limpid-josh,M3@bmm,8040,1280,32750,1,32750,2236,NULL,19841236,19841163,19841236,19841163,CANCEL,SELL,1,800,2021-06-15T07:23:21.255,2021-06-15T07:23:21.261,23:21.3,07:23:21,0,750,0,#N/A,118.393,-1,0,0,0,0,0,0,0,0
limpid-josh,M7@bmm,8044,1280,32750,1,32750,2236,NULL,19841237,19841237,19841237,19841226,LIMIT,BUY,1,495,2021-06-15T07:23:21.919,2021-06-15T07:23:21.925,23:21.9,07:23:21,1,750,495,-255,119.057,1,0,0,0,0,0,0,1,0
limpid-josh,M8@bmm,8045,1280,32750,1,32750,2236,NULL,19841238,19841238,19841238,19841259,LIMIT,SELL,1,650,2021-06-15T07:23:23.202,2021-06-15T07:23:49.484,23:23.2,07:23:23,0,750,0,#N/A,120.34,-1,0,0,0,0,0,0,0,0
limpid-josh,M1@bmm,8038,1280,32750,1,32750,2236,NULL,19841239,19841239,19841239,19841241,LIMIT,BUY,1,470,2021-06-15T07:23:23.567,2021-06-15T07:23:25.318,23:23.6,07:23:23,0,750,0,#N/A,120.705,1,0,0,0,0,0,0,0,0
limpid-josh,M3@bmm,8040,1280,32750,1,32750,2236,NULL,19841240,19841161,19841240,19841161,CANCEL,SELL,1,800,2021-06-15T07:23:24.575,2021-06-15T07:23:24.581,23:24.6,07:23:24,0,750,0,#N/A,121.713,-1,0,0,0,0,0,0,0,0
limpid-josh,M4@bmm,8041,1280,32750,1,32750,2236,NULL,19841241,19841241,19841241,19841239,LIMIT,SELL,1,470,2021-06-15T07:23:25.312,2021-06-15T07:23:25.318,23:25.3,07:23:25,1,750,470,-280,122.45,-1,0,0,0,1,0,0,0,0
limpid-josh,M7@bmm,8044,1280,32750,1,32750,2236,NULL,19841242,19841242,19841242,19841274,LIMIT,SELL,1,500,2021-06-15T07:23:31.336,2021-06-15T07:23:56.965,23:31.3,07:23:31,0,750,0,#N/A,128.474,-1,0,0,0,0,0,0,0,0
limpid-josh,M1@bmm,8038,1280,32750,1,32750,2236,NULL,19841243,19841243,19841243,19841394,LIMIT,BUY,1,470,2021-06-15T07:23:31.879,2021-06-15T07:25:47.208,23:31.9,07:23:31,0,750,0,#N/A,129.017,1,0,0,0,0,0,0,0,0
limpid-josh,M3@bmm,8040,1280,32750,1,32750,2236,NULL,19841244,19841244,19841244,NULL,LIMIT,BUY,1,465,2021-06-15T07:23:33.742,2021-06-15T07:23:33.745,23:33.7,07:23:33,0,750,0,#N/A,130.88,1,0,0,0,0,0,0,0,0
limpid-josh,M3@bmm,8040,1280,32750,1,32750,2236,NULL,19841245,19841245,19841245,NULL,LIMIT,BUY,1,465,2021-06-15T07:23:34.711,2021-06-15T07:23:34.714,23:34.7,07:23:34,0,750,0,#N/A,131.849,1,0,0,0,0,0,0,0,0
limpid-josh,M3@bmm,8040,1280,32750,1,32750,2236,NULL,19841246,19841246,19841246,NULL,LIMIT,BUY,1,465,2021-06-15T07:23:34.895,2021-06-15T07:23:34.898,23:34.9,07:23:34,0,750,0,#N/A,132.033,1,0,0,0,0,0,0,0,0
limpid-josh,M3@bmm,8040,1280,32750,1,32750,2236,NULL,19841247,19841247,19841247,NULL,LIMIT,BUY,1,470,2021-06-15T07:23:38.039,2021-06-15T07:23:38.042,23:38.0,07:23:38,0,750,0,#N/A,135.177,1,0,0,0,0,0,0,0,0
limpid-josh,M3@bmm,8040,1280,32750,1,32750,2236,NULL,19841248,19841248,19841248,NULL,LIMIT,BUY,1,470,2021-06-15T07:23:39.030,2021-06-15T07:23:39.033,23:39.0,07:23:39,0,750,0,#N/A,136.168,1,0,0,0,0,0,0,0,0
limpid-josh,M5@bmm,8042,1280,32750,1,32750,2236,NULL,19841249,19841249,19841249,19841251,LIMIT,SELL,1,495,2021-06-15T07:23:39.310,2021-06-15T07:23:39.393,23:39.3,07:23:39,0,750,0,#N/A,136.448,-1,0,0,0,0,0,0,0,0
limpid-josh,M6@bmm,8043,1280,32750,1,32750,2236,NULL,19841250,19841250,19841250,0,LIMIT,BUY,1,500,2021-06-15T07:23:39.385,2021-06-15T07:23:39.393,23:39.4,07:23:39,0,750,0,#N/A,136.523,1,0,0,0,0,0,0,0,0
limpid-josh,M6@bmm,8043,1280,32750,1,32750,2236,NULL,19841251,19841250,19841250,19841249,LIMIT,BUY,1,495,2021-06-15T07:23:39.390,2021-06-15T07:23:39.394,23:39.4,07:23:39,1,750,495,-255,136.528,1,0,0,0,0,0,1,0,0
limpid-josh,M5@bmm,8042,1280,32750,1,32750,2236,NULL,19841252,19841252,19841252,19841253,LIMIT,SELL,1,495,2021-06-15T07:23:41.303,2021-06-15T07:23:42.621,23:41.3,07:23:41,0,750,0,#N/A,138.441,-1,0,0,0,0,0,0,0,0
limpid-josh,M7@bmm,8044,1280,32750,1,32750,2236,NULL,19841253,19841253,19841253,19841252,LIMIT,BUY,1,495,2021-06-15T07:23:42.615,2021-06-15T07:23:42.621,23:42.6,07:23:42,1,750,495,-255,139.753,1,0,0,0,0,0,0,1,0
limpid-josh,M5@bmm,8042,1280,32750,1,32750,2236,NULL,19841254,19841254,19841254,19841256,LIMIT,SELL,1,495,2021-06-15T07:23:43.749,2021-06-15T07:23:47.470,23:43.7,07:23:43,0,750,0,#N/A,140.887,-1,0,0,0,0,0,0,0,0
limpid-josh,M2@bmm,8039,1280,32750,1,32750,2236,NULL,19841255,19841255,19841255,NULL,LIMIT,BUY,1,465,2021-06-15T07:23:43.803,2021-06-15T07:23:43.806,23:43.8,07:23:43,0,750,0,#N/A,140.941,1,0,0,0,0,0,0,0,0
limpid-josh,M3@bmm,8040,1280,32750,1,32750,2236,NULL,19841256,19841256,19841256,19841254,LIMIT,BUY,1,495,2021-06-15T07:23:47.463,2021-06-15T07:23:47.470,23:47.5,07:23:47,1,750,495,-255,144.601,1,0,0,1,0,0,0,0,0
limpid-josh,M7@bmm,8044,1280,32750,1,32750,2236,NULL,19841257,19841257,19841257,19841258,LIMIT,BUY,1,495,2021-06-15T07:23:47.475,2021-06-15T07:23:48.516,23:47.5,07:23:47,0,750,0,#N/A,144.613,1,0,0,0,0,0,0,0,0
limpid-josh,M5@bmm,8042,1280,32750,1,32750,2236,NULL,19841258,19841258,19841258,19841257,LIMIT,SELL,1,495,2021-06-15T07:23:48.508,2021-06-15T07:23:48.516,23:48.5,07:23:48,1,750,495,-255,145.646,-1,0,0,0,0,1,0,0,0
limpid-josh,M8@bmm,8045,1280,32750,1,32750,2236,NULL,19841259,19841238,19841259,19841238,CANCEL,SELL,1,650,2021-06-15T07:23:49.478,2021-06-15T07:23:49.484,23:49.5,07:23:49,0,750,0,#N/A,146.616,-1,0,0,0,0,0,0,0,0
limpid-josh,M3@bmm,8040,1280,32750,1,32750,2236,NULL,19841260,19841260,19841260,19841211,LIMIT,BUY,1,500,2021-06-15T07:23:50.246,2021-06-15T07:23:50.252,23:50.2,07:23:50,1,750,500,-250,147.384,1,0,0,1,0,0,0,0,0
limpid-josh,M2@bmm,8039,1280,32750,1,32750,2236,NULL,19841261,19841261,19841261,NULL,LIMIT,BUY,1,465,2021-06-15T07:23:50.933,2021-06-15T07:23:50.936,23:50.9,07:23:50,0,750,0,#N/A,148.071,1,0,0,0,0,0,0,0,0
limpid-josh,M5@bmm,8042,1280,32750,1,32750,2236,NULL,19841262,19841262,19841262,19841263,LIMIT,SELL,1,495,2021-06-15T07:23:51.004,2021-06-15T07:23:52.101,23:51.0,07:23:51,0,750,0,#N/A,148.142,-1,0,0,0,0,0,0,0,0
limpid-josh,M7@bmm,8044,1280,32750,1,32750,2236,NULL,19841263,19841263,19841263,19841262,LIMIT,BUY,1,495,2021-06-15T07:23:52.095,2021-06-15T07:23:52.101,23:52.1,07:23:52,1,750,495,-255,149.233,1,0,0,0,0,0,0,1,0
limpid-josh,M2@bmm,8039,1280,32750,1,32750,2236,NULL,19841264,19841264,19841264,19841354,LIMIT,BUY,1,465,2021-06-15T07:23:52.691,2021-06-15T07:25:18.075,23:52.7,07:23:52,0,750,0,#N/A,149.829,1,0,0,0,0,0,0,0,0
limpid-josh,M1@bmm,8038,1280,32750,1,32750,2236,NULL,19841265,19841265,19841265,19841392,LIMIT,BUY,1,475,2021-06-15T07:23:52.760,2021-06-15T07:25:44.548,23:52.8,07:23:52,0,750,0,#N/A,149.898,1,0,0,0,0,0,0,0,0
limpid-josh,M5@bmm,8042,1280,32750,1,32750,2236,NULL,19841266,19841266,19841266,19841268,LIMIT,SELL,1,495,2021-06-15T07:23:52.788,2021-06-15T07:23:53.861,23:52.8,07:23:52,0,750,0,#N/A,149.926,-1,0,0,0,0,0,0,0,0
limpid-josh,M5@bmm,8042,1280,32750,1,32750,2236,NULL,19841267,19841267,19841267,19841269,LIMIT,SELL,1,495,2021-06-15T07:23:53,2021-06-15T07:23:54.198,07:23:53,#VALUE!,0,750,0,#N/A,150.138,-1,0,0,0,0,0,0,0,0
limpid-josh,M3@bmm,8040,1280,32750,1,32750,2236,NULL,19841268,19841268,19841268,19841266,LIMIT,BUY,1,495,2021-06-15T07:23:53.855,2021-06-15T07:23:53.860,23:53.9,07:23:53,1,750,495,-255,150.993,1,0,0,1,0,0,0,0,0
limpid-josh,M7@bmm,8044,1280,32750,1,32750,2236,NULL,19841269,19841269,19841269,19841267,LIMIT,BUY,1,495,2021-06-15T07:23:54.192,2021-06-15T07:23:54.198,23:54.2,07:23:54,1,750,495,-255,151.33,1,0,0,0,0,0,0,1,0
limpid-josh,M1@bmm,8038,1280,32750,1,32750,2236,NULL,19841270,19841270,19841270,19841305,LIMIT,BUY,1,475,2021-06-15T07:23:54.816,2021-06-15T07:24:45.199,23:54.8,07:23:54,0,750,0,#N/A,151.954,1,0,0,0,0,0,0,0,0
limpid-josh,M8@bmm,8045,1280,32750,1,32750,2236,NULL,19841271,19841271,19841271,19841283,LIMIT,SELL,2,605,2021-06-15T07:23:55.601,2021-06-15T07:24:12.600,23:55.6,07:23:55,0,750,0,#N/A,152.739,-1,0,0,0,0,0,0,0,0
limpid-josh,M6@bmm,8043,1280,32750,1,32750,2236,NULL,19841272,19841272,19841272,19841385,LIMIT,SELL,1,550,2021-06-15T07:23:56.585,2021-06-15T07:25:36.536,23:56.6,07:23:56,0,750,0,#N/A,153.723,-1,0,0,0,0,0,0,0,0
limpid-josh,M2@bmm,8039,1280,32750,1,32750,2236,NULL,19841273,19841273,19841273,19841355,LIMIT,BUY,1,470,2021-06-15T07:23:56.859,2021-06-15T07:25:18.467,23:56.9,07:23:56,0,750,0,#N/A,153.997,1,0,0,0,0,0,0,0,0
limpid-josh,M3@bmm,8040,1280,32750,1,32750,2236,NULL,19841274,19841274,19841274,19841242,LIMIT,BUY,1,500,2021-06-15T07:23:56.959,2021-06-15T07:23:56.965,23:57.0,07:23:56,1,750,500,-250,154.097,1,0,0,1,0,0,0,0,0
limpid-josh,M1@bmm,8038,1280,32750,1,32750,2236,NULL,19841275,19841275,19841275,19841304,LIMIT,BUY,1,475,2021-06-15T07:23:59.123,2021-06-15T07:24:44.662,23:59.1,07:23:59,0,750,0,#N/A,156.261,1,0,0,0,0,0,0,0,0
limpid-josh,M1@bmm,8038,1280,32750,1,32750,2236,NULL,19841276,19841276,19841276,19841303,LIMIT,BUY,1,475,2021-06-15T07:23:59.355,2021-06-15T07:24:44.169,23:59.4,07:23:59,0,750,0,#N/A,156.493,1,0,0,0,0,0,0,0,0
limpid-josh,M7@bmm,8044,1280,32750,1,32750,2236,NULL,19841277,19841277,19841277,19841306,LIMIT,SELL,1,500,2021-06-15T07:24:00.864,2021-06-15T07:24:45.503,24:00.9,07:24:00,0,750,0,#N/A,158.002,-1,0,0,0,0,0,0,0,0
limpid-josh,M7@bmm,8044,1280,32750,1,32750,2236,NULL,19841278,19841278,19841278,19841307,LIMIT,SELL,1,500,2021-06-15T07:24:01.408,2021-06-15T07:24:49.984,24:01.4,07:24:01,0,750,0,#N/A,158.546,-1,0,0,0,0,0,0,0,0
limpid-josh,M3@bmm,8040,1280,32750,1,32750,2236,NULL,19841279,19841279,19841279,NULL,LIMIT,BUY,1,475,2021-06-15T07:24:03.216,2021-06-15T07:24:03.219,24:03.2,07:24:03,0,750,0,#N/A,160.354,1,0,0,0,0,0,0,0,0
limpid-josh,M6@bmm,8043,1280,32750,1,32750,2236,NULL,19841280,19841182,19841280,19841182,CANCEL,BUY,1,405,2021-06-15T07:24:05.375,2021-06-15T07:24:05.381,24:05.4,07:24:05,0,750,0,#N/A,162.513,1,0,0,0,0,0,0,0,0
limpid-josh,M7@bmm,8044,1280,32750,1,32750,2236,NULL,19841281,19841281,19841281,19841308,LIMIT,SELL,1,500,2021-06-15T07:24:11.172,2021-06-15T07:24:50.711,24:11.2,07:24:11,0,750,0,#N/A,168.31,-1,0,0,0,0,0,0,0,0
limpid-josh,M5@bmm,8042,1280,32750,1,32750,2236,NULL,19841282,19841282,19841282,19841285,LIMIT,SELL,1,480,2021-06-15T07:24:12.493,2021-06-15T07:24:15.691,24:12.5,07:24:12,0,750,0,#N/A,169.631,-1,0,0,0,0,0,0,0,0
limpid-josh,M8@bmm,8045,1280,32750,1,32750,2236,NULL,19841283,19841271,19841283,19841271,CANCEL,SELL,2,605,2021-06-15T07:24:12.594,2021-06-15T07:24:12.600,24:12.6,07:24:12,0,750,0,#N/A,169.732,-1,0,0,0,0,0,0,0,0
limpid-josh,M2@bmm,8039,1280,32750,1,32750,2236,NULL,19841284,19841284,19841284,19841356,LIMIT,BUY,1,475,2021-06-15T07:24:12.707,2021-06-15T07:25:18.811,24:12.7,07:24:12,0,750,0,#N/A,169.845,1,0,0,0,0,0,0,0,0
limpid-josh,M5@bmm,8042,1280,32750,1,32750,2236,NULL,19841285,19841282,19841285,19841282,CANCEL,SELL,1,480,2021-06-15T07:24:15.685,2021-06-15T07:24:15.690,24:15.7,07:24:15,0,750,0,#N/A,172.823,-1,0,0,0,0,0,0,0,0
limpid-josh,M7@bmm,8044,1280,32750,1,32750,2236,NULL,19841286,19841286,19841286,19841287,LIMIT,BUY,1,495,2021-06-15T07:24:16.583,2021-06-15T07:24:20.653,24:16.6,07:24:16,0,750,0,#N/A,173.721,1,0,0,0,0,0,0,0,0
limpid-josh,M7@bmm,8044,1280,32750,1,32750,2236,NULL,19841287,19841286,19841287,19841286,CANCEL,BUY,1,495,2021-06-15T07:24:20.647,2021-06-15T07:24:20.653,24:20.6,07:24:20,0,750,0,#N/A,177.785,1,0,0,0,0,0,0,0,0
limpid-josh,M5@bmm,8042,1280,32750,1,32750,2236,NULL,19841288,19841288,19841288,19841373,LIMIT,BUY,1,480,2021-06-15T07:24:23.078,2021-06-15T07:25:29.989,24:23.1,07:24:23,0,750,0,#N/A,180.216,1,0,0,0,0,0,0,0,0
limpid-josh,M5@bmm,8042,1280,32750,1,32750,2236,NULL,19841289,19841289,19841289,19841372,LIMIT,BUY,1,480,2021-06-15T07:24:24.143,2021-06-15T07:25:28.876,24:24.1,07:24:24,0,750,0,#N/A,181.281,1,0,0,0,0,0,0,0,0
limpid-josh,M5@bmm,8042,1280,32750,1,32750,2236,NULL,19841290,19841290,19841290,19841370,LIMIT,BUY,1,480,2021-06-15T07:24:25.021,2021-06-15T07:25:28.163,24:25.0,07:24:25,0,750,0,#N/A,182.159,1,0,0,0,0,0,0,0,0
limpid-josh,M2@bmm,8039,1280,32750,1,32750,2236,NULL,19841291,19841291,19841291,19841357,LIMIT,BUY,1,480,2021-06-15T07:24:25.883,2021-06-15T07:25:19.330,24:25.9,07:24:25,0,750,0,#N/A,183.021,1,0,0,0,0,0,0,0,0
limpid-josh,M6@bmm,8043,1280,32750,1,32750,2236,NULL,19841292,19841199,19841292,19841199,CANCEL,BUY,1,460,2021-06-15T07:24:28.425,2021-06-15T07:24:28.431,24:28.4,07:24:28,0,750,0,#N/A,185.563,1,0,0,0,0,0,0,0,0
limpid-josh,M6@bmm,8043,1280,32750,1,32750,2236,NULL,19841293,19841293,19841293,19841298,LIMIT,BUY,2,485,2021-06-15T07:24:32.451,2021-06-15T07:24:35.609,24:32.5,07:24:32,0,750,0,#N/A,189.589,1,0,0,0,0,0,0,0,0
limpid-josh,M4@bmm,8041,1280,32750,1,32750,2236,NULL,19841294,19841294,19841294,19841296,LIMIT,SELL,1,495,2021-06-15T07:24:32.825,2021-06-15T07:24:33.817,24:32.8,07:24:32,0,750,0,#N/A,189.963,-1,0,0,0,0,0,0,0,0
limpid-josh,M6@bmm,8043,1280,32750,1,32750,2236,NULL,19841295,19841295,19841295,19841297,LIMIT,BUY,2,485,2021-06-15T07:24:32.958,2021-06-15T07:24:34.638,24:33.0,07:24:32,0,750,0,#N/A,190.096,1,0,0,0,0,0,0,0,0
limpid-josh,M7@bmm,8044,1280,32750,1,32750,2236,NULL,19841296,19841296,19841296,19841294,LIMIT,BUY,1,495,2021-06-15T07:24:33.810,2021-06-15T07:24:33.817,24:33.8,07:24:33,1,750,495,-255,190.948,1,0,0,0,0,0,0,1,0
limpid-josh,M6@bmm,8043,1280,32750,1,32750,2236,NULL,19841297,19841295,19841297,19841295,CANCEL,BUY,2,485,2021-06-15T07:24:34.632,2021-06-15T07:24:34.638,24:34.6,07:24:34,0,750,0,#N/A,191.77,1,0,0,0,0,0,0,0,0
limpid-josh,M6@bmm,8043,1280,32750,1,32750,2236,NULL,19841298,19841293,19841298,19841293,CANCEL,BUY,2,485,2021-06-15T07:24:35.602,2021-06-15T07:24:35.608,24:35.6,07:24:35,0,750,0,#N/A,192.74,1,0,0,0,0,0,0,0,0
limpid-josh,M6@bmm,8043,1280,32750,1,32750,2236,NULL,19841299,19841299,19841299,NULL,LIMIT,BUY,1,485,2021-06-15T07:24:38.177,2021-06-15T07:24:38.180,24:38.2,07:24:38,0,750,0,#N/A,195.315,1,0,0,0,0,0,0,0,0
limpid-josh,M3@bmm,8040,1280,32750,1,32750,2236,NULL,19841300,19841300,19841300,NULL,LIMIT,BUY,1,490,2021-06-15T07:24:40.625,2021-06-15T07:24:40.628,24:40.6,07:24:40,0,750,0,#N/A,197.763,1,0,0,0,0,0,0,0,0
limpid-josh,M5@bmm,8042,1280,32750,1,32750,2236,NULL,19841301,19841301,19841301,19841368,LIMIT,BUY,1,485,2021-06-15T07:24:41.013,2021-06-15T07:25:26.691,24:41.0,07:24:41,0,750,0,#N/A,198.151,1,0,0,0,0,0,0,0,0
limpid-josh,M2@bmm,8039,1280,32750,1,32750,2236,NULL,19841302,19841302,19841302,NULL,LIMIT,BUY,1,485,2021-06-15T07:24:41.596,2021-06-15T07:24:41.598,24:41.6,07:24:41,0,750,0,#N/A,198.734,1,0,0,0,0,0,0,0,0
limpid-josh,M1@bmm,8038,1280,32750,1,32750,2236,NULL,19841303,19841276,19841303,19841276,CANCEL,BUY,1,475,2021-06-15T07:24:44.163,2021-06-15T07:24:44.169,24:44.2,07:24:44,0,750,0,#N/A,201.301,1,0,0,0,0,0,0,0,0
limpid-josh,M1@bmm,8038,1280,32750,1,32750,2236,NULL,19841304,19841275,19841304,19841275,CANCEL,BUY,1,475,2021-06-15T07:24:44.656,2021-06-15T07:24:44.661,24:44.7,07:24:44,0,750,0,#N/A,201.794,1,0,0,0,0,0,0,0,0
limpid-josh,M1@bmm,8038,1280,32750,1,32750,2236,NULL,19841305,19841270,19841305,19841270,CANCEL,BUY,1,475,2021-06-15T07:24:45.193,2021-06-15T07:24:45.198,24:45.2,07:24:45,0,750,0,#N/A,202.331,1,0,0,0,0,0,0,0,0
limpid-josh,M6@bmm,8043,1280,32750,1,32750,2236,NULL,19841306,19841306,19841306,19841277,LIMIT,BUY,1,500,2021-06-15T07:24:45.497,2021-06-15T07:24:45.503,24:45.5,07:24:45,1,750,500,-250,202.635,1,0,0,0,0,0,1,0,0
limpid-josh,M1@bmm,8038,1280,32750,1,32750,2236,NULL,19841307,19841307,19841307,19841278,LIMIT,BUY,1,500,2021-06-15T07:24:49.978,2021-06-15T07:24:49.984,24:50.0,07:24:49,1,750,500,-250,207.116,1,1,0,0,0,0,0,0,0
limpid-josh,M1@bmm,8038,1280,32750,1,32750,2236,NULL,19841308,19841308,19841308,19841281,LIMIT,BUY,1,500,2021-06-15T07:24:50.704,2021-06-15T07:24:50.710,24:50.7,07:24:50,1,750,500,-250,207.842,1,1,0,0,0,0,0,0,0
limpid-josh,M7@bmm,8044,1280,32750,1,32750,2236,NULL,19841309,19841309,19841309,NULL,LIMIT,BUY,1,495,2021-06-15T07:24:50.871,2021-06-15T07:24:50.879,24:50.9,07:24:50,0,750,0,#N/A,208.009,1,0,0,0,0,0,0,0,0
limpid-josh,M1@bmm,8038,1280,32750,1,32750,2236,NULL,19841310,19841310,19841310,19841315,LIMIT,BUY,1,500,2021-06-15T07:24:51.633,2021-06-15T07:24:55.189,24:51.6,07:24:51,0,750,0,#N/A,208.771,1,0,0,0,0,0,0,0,0
limpid-josh,M1@bmm,8038,1280,32750,1,32750,2236,NULL,19841311,19841311,19841311,19841316,LIMIT,BUY,1,500,2021-06-15T07:24:52.368,2021-06-15T07:24:55.581,24:52.4,07:24:52,0,750,0,#N/A,209.506,1,0,0,0,0,0,0,0,0
limpid-josh,M1@bmm,8038,1280,32750,1,32750,2236,NULL,19841312,19841312,19841312,19841317,LIMIT,BUY,1,500,2021-06-15T07:24:52.936,2021-06-15T07:24:56.646,24:52.9,07:24:52,0,750,0,#N/A,210.074,1,0,0,0,0,0,0,0,0
limpid-josh,M1@bmm,8038,1280,32750,1,32750,2236,NULL,19841313,19841313,19841313,19841318,LIMIT,BUY,1,500,2021-06-15T07:24:53.586,2021-06-15T07:24:57.319,24:53.6,07:24:53,0,750,0,#N/A,210.724,1,0,0,0,0,0,0,0,0
limpid-josh,M1@bmm,8038,1280,32750,1,32750,2236,NULL,19841314,19841314,19841314,19841319,LIMIT,BUY,1,500,2021-06-15T07:24:54.208,2021-06-15T07:24:57.998,24:54.2,07:24:54,0,750,0,#N/A,211.346,1,0,0,0,0,0,0,0,0
limpid-josh,M7@bmm,8044,1280,32750,1,32750,2236,NULL,19841315,19841315,19841315,19841310,LIMIT,SELL,1,500,2021-06-15T07:24:55.183,2021-06-15T07:24:55.189,24:55.2,07:24:55,1,750,500,-250,212.321,-1,0,0,0,0,0,0,1,0
limpid-josh,M7@bmm,8044,1280,32750,1,32750,2236,NULL,19841316,19841316,19841316,19841311,LIMIT,SELL,1,500,2021-06-15T07:24:55.575,2021-06-15T07:24:55.581,24:55.6,07:24:55,1,750,500,-250,212.713,-1,0,0,0,0,0,0,1,0
limpid-josh,M7@bmm,8044,1280,32750,1,32750,2236,NULL,19841317,19841317,19841317,19841312,LIMIT,SELL,1,500,2021-06-15T07:24:56.640,2021-06-15T07:24:56.646,24:56.6,07:24:56,1,750,500,-250,213.778,-1,0,0,0,0,0,0,1,0
limpid-josh,M7@bmm,8044,1280,32750,1,32750,2236,NULL,19841318,19841318,19841318,19841313,LIMIT,SELL,1,500,2021-06-15T07:24:57.313,2021-06-15T07:24:57.319,24:57.3,07:24:57,1,750,500,-250,214.451,-1,0,0,0,0,0,0,1,0
limpid-josh,M7@bmm,8044,1280,32750,1,32750,2236,NULL,19841319,19841319,19841319,19841314,LIMIT,SELL,1,500,2021-06-15T07:24:57.991,2021-06-15T07:24:57.998,24:58.0,07:24:57,1,750,500,-250,215.129,-1,0,0,0,0,0,0,1,0
limpid-josh,M3@bmm,8040,1280,32750,1,32750,2236,NULL,19841320,19841320,19841320,NULL,LIMIT,BUY,1,490,2021-06-15T07:24:58.584,2021-06-15T07:24:58.587,24:58.6,07:24:58,0,750,0,#N/A,215.722,1,0,0,0,0,0,0,0,0
limpid-josh,M7@bmm,8044,1280,32750,1,32750,2236,NULL,19841321,19841321,19841321,19841322,LIMIT,SELL,1,500,2021-06-15T07:24:58.655,2021-06-15T07:24:59.334,24:58.7,07:24:58,0,750,0,#N/A,215.793,-1,0,0,0,0,0,0,0,0
limpid-josh,M1@bmm,8038,1280,32750,1,32750,2236,NULL,19841322,19841322,19841322,19841321,LIMIT,BUY,1,500,2021-06-15T07:24:59.327,2021-06-15T07:24:59.333,24:59.3,07:24:59,1,750,500,-250,216.465,1,1,0,0,0,0,0,0,0
limpid-josh,M1@bmm,8038,1280,32750,1,32750,2236,NULL,19841323,19841323,19841323,19841324,LIMIT,BUY,1,500,2021-06-15T07:24:59.616,2021-06-15T07:24:59.719,24:59.6,07:24:59,0,750,0,#N/A,216.754,1,0,0,0,0,0,0,0,0
limpid-josh,M7@bmm,8044,1280,32750,1,32750,2236,NULL,19841324,19841324,19841324,19841323,LIMIT,SELL,1,500,2021-06-15T07:24:59.713,2021-06-15T07:24:59.718,24:59.7,07:24:59,1,750,500,-250,216.851,-1,0,0,0,0,0,0,1,0
limpid-josh,M1@bmm,8038,1280,32750,1,32750,2236,NULL,19841325,19841325,19841325,19841327,LIMIT,BUY,1,500,2021-06-15T07:24:59.864,2021-06-15T07:25:00.221,24:59.9,07:24:59,0,750,0,#N/A,217.002,1,0,0,0,0,0,0,0,0
limpid-josh,M1@bmm,8038,1280,32750,1,32750,2236,NULL,19841326,19841326,19841326,19841332,LIMIT,BUY,1,500,2021-06-15T07:25:00.096,2021-06-15T07:25:00.781,25:00.1,07:25:00,0,750,0,#N/A,217.234,1,0,0,0,0,0,0,0,0
limpid-josh,M7@bmm,8044,1280,32750,1,32750,2236,NULL,19841327,19841327,19841327,19841325,LIMIT,SELL,1,500,2021-06-15T07:25:00.215,2021-06-15T07:25:00.221,25:00.2,07:25:00,1,750,500,-250,217.353,-1,0,0,0,0,0,0,1,0
limpid-josh,M1@bmm,8038,1280,32750,1,32750,2236,NULL,19841328,19841328,19841328,19841333,LIMIT,BUY,1,500,2021-06-15T07:25:00.329,2021-06-15T07:25:01.381,25:00.3,07:25:00,0,750,0,#N/A,217.467,1,0,0,0,0,0,0,0,0
limpid-josh,M1@bmm,8038,1280,32750,1,32750,2236,NULL,19841329,19841329,19841329,19841334,LIMIT,BUY,1,500,2021-06-15T07:25:00.518,2021-06-15T07:25:02.006,25:00.5,07:25:00,0,750,0,#N/A,217.656,1,0,0,0,0,0,0,0,0
limpid-josh,M1@bmm,8038,1280,32750,1,32750,2236,NULL,19841330,19841330,19841330,19841336,LIMIT,BUY,1,500,2021-06-15T07:25:00.592,2021-06-15T07:25:02.783,25:00.6,07:25:00,0,750,0,#N/A,217.73,1,0,0,0,0,0,0,0,0
limpid-josh,M1@bmm,8038,1280,32750,1,32750,2236,NULL,19841331,19841331,19841331,19841337,LIMIT,BUY,1,500,2021-06-15T07:25:00.769,2021-06-15T07:25:04.413,25:00.8,07:25:00,0,750,0,#N/A,217.907,1,0,0,0,0,0,0,0,0
limpid-josh,M7@bmm,8044,1280,32750,1,32750,2236,NULL,19841332,19841332,19841332,19841326,LIMIT,SELL,1,500,2021-06-15T07:25:00.775,2021-06-15T07:25:00.781,25:00.8,07:25:00,1,750,500,-250,217.913,-1,0,0,0,0,0,0,1,0
limpid-josh,M7@bmm,8044,1280,32750,1,32750,2236,NULL,19841333,19841333,19841333,19841328,LIMIT,SELL,1,500,2021-06-15T07:25:01.375,2021-06-15T07:25:01.381,25:01.4,07:25:01,1,750,500,-250,218.513,-1,0,0,0,0,0,0,1,0
limpid-josh,M7@bmm,8044,1280,32750,1,32750,2236,NULL,19841334,19841334,19841334,19841329,LIMIT,SELL,1,500,2021-06-15T07:25:01.999,2021-06-15T07:25:02.005,25:02.0,07:25:01,1,750,500,-250,219.137,-1,0,0,0,0,0,0,1,0
limpid-josh,M5@bmm,8042,1280,32750,1,32750,2236,NULL,19841335,19841335,19841335,19841401,LIMIT,SELL,1,545,2021-06-15T07:25:02.086,2021-06-15T07:25:49.924,25:02.1,07:25:02,0,750,0,#N/A,219.224,-1,0,0,0,0,0,0,0,0
limpid-josh,M7@bmm,8044,1280,32750,1,32750,2236,NULL,19841336,19841336,19841336,19841330,LIMIT,SELL,1,500,2021-06-15T07:25:02.777,2021-06-15T07:25:02.783,25:02.8,07:25:02,1,750,500,-250,219.915,-1,0,0,0,0,0,0,1,0
limpid-josh,M7@bmm,8044,1280,32750,1,32750,2236,NULL,19841337,19841337,19841337,19841331,LIMIT,SELL,1,500,2021-06-15T07:25:04.407,2021-06-15T07:25:04.413,25:04.4,07:25:04,1,750,500,-250,221.545,-1,0,0,0,0,0,0,1,0
limpid-josh,M7@bmm,8044,1280,32750,1,32750,2236,NULL,19841338,19841338,19841338,19841347,LIMIT,SELL,1,500,2021-06-15T07:25:04.999,2021-06-15T07:25:13.924,25:05.0,07:25:04,0,750,0,#N/A,222.137,-1,0,0,0,0,0,0,0,0
limpid-josh,M7@bmm,8044,1280,32750,1,32750,2236,NULL,19841339,19841339,19841339,19841349,LIMIT,SELL,1,500,2021-06-15T07:25:05.607,2021-06-15T07:25:15.044,25:05.6,07:25:05,0,750,0,#N/A,222.745,-1,0,0,0,0,0,0,0,0
limpid-josh,M7@bmm,8044,1280,32750,1,32750,2236,NULL,19841340,19841340,19841340,19841351,LIMIT,SELL,1,500,2021-06-15T07:25:06.850,2021-06-15T07:25:15.795,25:06.8,07:25:06,0,750,0,#N/A,223.988,-1,0,0,0,0,0,0,0,0
limpid-josh,M2@bmm,8039,1280,32750,1,32750,2236,NULL,19841341,19841341,19841341,NULL,LIMIT,BUY,1,495,2021-06-15T07:25:06.994,2021-06-15T07:25:06.997,25:07.0,07:25:06,0,750,0,#N/A,224.132,1,0,0,0,0,0,0,0,0
limpid-josh,M2@bmm,8039,1280,32750,1,32750,2236,NULL,19841342,19841224,19841342,19841224,CANCEL,BUY,1,460,2021-06-15T07:25:08.448,2021-06-15T07:25:08.454,25:08.4,07:25:08,0,750,0,#N/A,225.586,1,0,0,0,0,0,0,0,0
limpid-josh,M2@bmm,8039,1280,32750,1,32750,2236,NULL,19841343,19841221,19841343,19841221,CANCEL,BUY,1,460,2021-06-15T07:25:09.302,2021-06-15T07:25:09.309,25:09.3,07:25:09,0,750,0,#N/A,226.44,1,0,0,0,0,0,0,0,0
limpid-josh,M2@bmm,8039,1280,32750,1,32750,2236,NULL,19841344,19841217,19841344,19841217,CANCEL,BUY,1,460,2021-06-15T07:25:09.978,2021-06-15T07:25:09.983,25:10.0,07:25:09,0,750,0,#N/A,227.116,1,0,0,0,0,0,0,0,0
limpid-josh,M8@bmm,8045,1280,32750,1,32750,2236,NULL,19841345,19841345,19841345,NULL,LIMIT,SELL,1,550,2021-06-15T07:25:10.465,2021-06-15T07:25:10.468,25:10.5,07:25:10,0,750,0,#N/A,227.603,-1,0,0,0,0,0,0,0,0
limpid-josh,M2@bmm,8039,1280,32750,1,32750,2236,NULL,19841346,19841216,19841346,19841216,CANCEL,BUY,1,460,2021-06-15T07:25:11.594,2021-06-15T07:25:11.599,25:11.6,07:25:11,0,750,0,#N/A,228.732,1,0,0,0,0,0,0,0,0
limpid-josh,M5@bmm,8042,1280,32750,1,32750,2236,NULL,19841347,19841347,19841347,19841338,LIMIT,BUY,1,500,2021-06-15T07:25:13.918,2021-06-15T07:25:13.924,25:13.9,07:25:13,1,750,500,-250,231.056,1,0,0,0,0,1,0,0,0
limpid-josh,M2@bmm,8039,1280,32750,1,32750,2236,NULL,19841348,19841348,19841348,19841359,LIMIT,BUY,1,490,2021-06-15T07:25:13.964,2021-06-15T07:25:19.962,25:14.0,07:25:13,0,750,0,#N/A,231.102,1,0,0,0,0,0,0,0,0
limpid-josh,M5@bmm,8042,1280,32750,1,32750,2236,NULL,19841349,19841349,19841349,19841339,LIMIT,BUY,1,500,2021-06-15T07:25:15.037,2021-06-15T07:25:15.043,25:15.0,07:25:15,1,750,500,-250,232.175,1,0,0,0,0,1,0,0,0
limpid-josh,M2@bmm,8039,1280,32750,1,32750,2236,NULL,19841350,19841207,19841350,19841207,CANCEL,BUY,1,460,2021-06-15T07:25:15.433,2021-06-15T07:25:15.439,25:15.4,07:25:15,0,750,0,#N/A,232.571,1,0,0,0,0,0,0,0,0
limpid-josh,M5@bmm,8042,1280,32750,1,32750,2236,NULL,19841351,19841351,19841351,19841340,LIMIT,BUY,1,500,2021-06-15T07:25:15.788,2021-06-15T07:25:15.794,25:15.8,07:25:15,1,750,500,-250,232.926,1,0,0,0,0,1,0,0,0
limpid-josh,M2@bmm,8039,1280,32750,1,32750,2236,NULL,19841352,19841205,19841352,19841205,CANCEL,BUY,1,460,2021-06-15T07:25:16.407,2021-06-15T07:25:16.413,25:16.4,07:25:16,0,750,0,#N/A,233.545,1,0,0,0,0,0,0,0,0
limpid-josh,M7@bmm,8044,1280,32750,1,32750,2236,NULL,19841353,19841353,19841353,19841358,LIMIT,SELL,1,500,2021-06-15T07:25:17.889,2021-06-15T07:25:19.724,25:17.9,07:25:17,0,750,0,#N/A,235.027,-1,0,0,0,0,0,0,0,0
limpid-josh,M2@bmm,8039,1280,32750,1,32750,2236,NULL,19841354,19841264,19841354,19841264,CANCEL,BUY,1,465,2021-06-15T07:25:18.069,2021-06-15T07:25:18.075,25:18.1,07:25:18,0,750,0,#N/A,235.207,1,0,0,0,0,0,0,0,0
limpid-josh,M2@bmm,8039,1280,32750,1,32750,2236,NULL,19841355,19841273,19841355,19841273,CANCEL,BUY,1,470,2021-06-15T07:25:18.461,2021-06-15T07:25:18.467,25:18.5,07:25:18,0,750,0,#N/A,235.599,1,0,0,0,0,0,0,0,0
limpid-josh,M2@bmm,8039,1280,32750,1,32750,2236,NULL,19841356,19841284,19841356,19841284,CANCEL,BUY,1,475,2021-06-15T07:25:18.805,2021-06-15T07:25:18.811,25:18.8,07:25:18,0,750,0,#N/A,235.943,1,0,0,0,0,0,0,0,0
limpid-josh,M2@bmm,8039,1280,32750,1,32750,2236,NULL,19841357,19841291,19841357,19841291,CANCEL,BUY,1,480,2021-06-15T07:25:19.324,2021-06-15T07:25:19.330,25:19.3,07:25:19,0,750,0,#N/A,236.462,1,0,0,0,0,0,0,0,0
limpid-josh,M5@bmm,8042,1280,32750,1,32750,2236,NULL,19841358,19841358,19841358,19841353,LIMIT,BUY,1,500,2021-06-15T07:25:19.717,2021-06-15T07:25:19.724,25:19.7,07:25:19,1,750,500,-250,236.855,1,0,0,0,0,1,0,0,0
limpid-josh,M2@bmm,8039,1280,32750,1,32750,2236,NULL,19841359,19841348,19841359,19841348,CANCEL,BUY,1,490,2021-06-15T07:25:19.956,2021-06-15T07:25:19.962,25:20.0,07:25:19,0,750,0,#N/A,237.094,1,0,0,0,0,0,0,0,0
limpid-josh,M7@bmm,8044,1280,32750,1,32750,2236,NULL,19841360,19841360,19841360,19841362,LIMIT,SELL,1,500,2021-06-15T07:25:20.351,2021-06-15T07:25:21.144,25:20.4,07:25:20,0,750,0,#N/A,237.489,-1,0,0,0,0,0,0,0,0
limpid-josh,M7@bmm,8044,1280,32750,1,32750,2236,NULL,19841361,19841361,19841361,19841364,LIMIT,SELL,1,500,2021-06-15T07:25:21.080,2021-06-15T07:25:22.187,25:21.1,07:25:21,0,750,0,#N/A,238.218,-1,0,0,0,0,0,0,0,0
limpid-josh,M5@bmm,8042,1280,32750,1,32750,2236,NULL,19841362,19841362,19841362,19841360,LIMIT,BUY,1,500,2021-06-15T07:25:21.135,2021-06-15T07:25:21.144,25:21.1,07:25:21,1,750,500,-250,238.273,1,0,0,0,0,1,0,0,0
limpid-josh,M2@bmm,8039,1280,32750,1,32750,2236,NULL,19841363,19841363,19841363,NULL,LIMIT,BUY,1,490,2021-06-15T07:25:21.691,2021-06-15T07:25:21.695,25:21.7,07:25:21,0,750,0,#N/A,238.829,1,0,0,0,0,0,0,0,0
limpid-josh,M5@bmm,8042,1280,32750,1,32750,2236,NULL,19841364,19841364,19841364,19841361,LIMIT,BUY,1,500,2021-06-15T07:25:22.181,2021-06-15T07:25:22.187,25:22.2,07:25:22,1,750,500,-250,239.319,1,0,0,0,0,1,0,0,0
limpid-josh,M2@bmm,8039,1280,32750,1,32750,2236,NULL,19841365,19841365,19841365,NULL,LIMIT,BUY,1,490,2021-06-15T07:25:22.283,2021-06-15T07:25:22.286,25:22.3,07:25:22,0,750,0,#N/A,239.421,1,0,0,0,0,0,0,0,0
limpid-josh,M2@bmm,8039,1280,32750,1,32750,2236,NULL,19841366,19841366,19841366,NULL,LIMIT,BUY,1,490,2021-06-15T07:25:22.835,2021-06-15T07:25:22.838,25:22.8,07:25:22,0,750,0,#N/A,239.973,1,0,0,0,0,0,0,0,0
limpid-josh,M2@bmm,8039,1280,32750,1,32750,2236,NULL,19841367,19841367,19841367,NULL,LIMIT,BUY,1,495,2021-06-15T07:25:25.127,2021-06-15T07:25:25.130,25:25.1,07:25:25,0,750,0,#N/A,242.265,1,0,0,0,0,0,0,0,0
limpid-josh,M5@bmm,8042,1280,32750,1,32750,2236,NULL,19841368,19841301,19841368,19841301,CANCEL,BUY,1,485,2021-06-15T07:25:26.685,2021-06-15T07:25:26.691,25:26.7,07:25:26,0,750,0,#N/A,243.823,1,0,0,0,0,0,0,0,0
limpid-josh,M6@bmm,8043,1280,32750,1,32750,2236,NULL,19841369,19841369,19841369,19841407,LIMIT,SELL,1,505,2021-06-15T07:25:28.099,2021-06-15T07:25:59.868,25:28.1,07:25:28,0,750,0,#N/A,245.237,-1,0,0,0,0,0,0,0,0
limpid-josh,M5@bmm,8042,1280,32750,1,32750,2236,NULL,19841370,19841290,19841370,19841290,CANCEL,BUY,1,480,2021-06-15T07:25:28.151,2021-06-15T07:25:28.163,25:28.2,07:25:28,0,750,0,#N/A,245.289,1,0,0,0,0,0,0,0,0
limpid-josh,M5@bmm,8042,1280,32750,1,32750,2236,NULL,19841371,19841290,19841371,19841371,CANCEL,BUY,1,480,2021-06-15T07:25:28.411,2021-06-15T07:25:28.416,25:28.4,07:25:28,0,750,0,#N/A,245.549,1,0,0,0,0,0,0,0,0
limpid-josh,M5@bmm,8042,1280,32750,1,32750,2236,NULL,19841372,19841289,19841372,19841289,CANCEL,BUY,1,480,2021-06-15T07:25:28.869,2021-06-15T07:25:28.875,25:28.9,07:25:28,0,750,0,#N/A,246.007,1,0,0,0,0,0,0,0,0
limpid-josh,M5@bmm,8042,1280,32750,1,32750,2236,NULL,19841373,19841288,19841373,19841288,CANCEL,BUY,1,480,2021-06-15T07:25:29.983,2021-06-15T07:25:29.989,25:30.0,07:25:29,0,750,0,#N/A,247.121,1,0,0,0,0,0,0,0,0
limpid-josh,M2@bmm,8039,1280,32750,1,32750,2236,NULL,19841374,19841374,19841374,19841391,LIMIT,BUY,1,500,2021-06-15T07:25:30.212,2021-06-15T07:25:41.964,25:30.2,07:25:30,0,750,0,#N/A,247.35,1,0,0,0,0,0,0,0,0
limpid-josh,M5@bmm,8042,1280,32750,1,32750,2236,NULL,19841375,19841203,19841375,19841203,CANCEL,BUY,1,465,2021-06-15T07:25:30.961,2021-06-15T07:25:30.967,25:31.0,07:25:30,0,750,0,#N/A,248.099,1,0,0,0,0,0,0,0,0
limpid-josh,M5@bmm,8042,1280,32750,1,32750,2236,NULL,19841376,19841203,19841376,19841376,CANCEL,BUY,1,465,2021-06-15T07:25:31.215,2021-06-15T07:25:31.220,25:31.2,07:25:31,0,750,0,#N/A,248.353,1,0,0,0,0,0,0,0,0
limpid-josh,M5@bmm,8042,1280,32750,1,32750,2236,NULL,19841377,19841201,19841377,19841201,CANCEL,BUY,1,465,2021-06-15T07:25:31.929,2021-06-15T07:25:31.935,25:31.9,07:25:31,0,750,0,#N/A,249.067,1,0,0,0,0,0,0,0,0
limpid-josh,M5@bmm,8042,1280,32750,1,32750,2236,NULL,19841378,19841181,19841378,19841181,CANCEL,BUY,1,295,2021-06-15T07:25:34.260,2021-06-15T07:25:34.266,25:34.3,07:25:34,0,750,0,#N/A,251.398,1,0,0,0,0,0,0,0,0
limpid-josh,M5@bmm,8042,1280,32750,1,32750,2236,NULL,19841379,19841181,19841379,19841379,CANCEL,BUY,1,295,2021-06-15T07:25:34.510,2021-06-15T07:25:34.515,25:34.5,07:25:34,0,750,0,#N/A,251.648,1,0,0,0,0,0,0,0,0
limpid-josh,M5@bmm,8042,1280,32750,1,32750,2236,NULL,19841380,19841180,19841380,19841180,CANCEL,BUY,1,295,2021-06-15T07:25:34.757,2021-06-15T07:25:34.763,25:34.8,07:25:34,0,750,0,#N/A,251.895,1,0,0,0,0,0,0,0,0
limpid-josh,M5@bmm,8042,1280,32750,1,32750,2236,NULL,19841381,19841165,19841381,19841165,CANCEL,BUY,1,230,2021-06-15T07:25:35.312,2021-06-15T07:25:35.318,25:35.3,07:25:35,0,750,0,#N/A,252.45,1,0,0,0,0,0,0,0,0
limpid-josh,M5@bmm,8042,1280,32750,1,32750,2236,NULL,19841382,19841165,19841382,19841382,CANCEL,BUY,1,230,2021-06-15T07:25:35.479,2021-06-15T07:25:35.485,25:35.5,07:25:35,0,750,0,#N/A,252.617,1,0,0,0,0,0,0,0,0
limpid-josh,M5@bmm,8042,1280,32750,1,32750,2236,NULL,19841383,19841160,19841383,19841160,CANCEL,BUY,1,215,2021-06-15T07:25:35.974,2021-06-15T07:25:35.981,25:36.0,07:25:35,0,750,0,#N/A,253.112,1,0,0,0,0,0,0,0,0
limpid-josh,M5@bmm,8042,1280,32750,1,32750,2236,NULL,19841384,19841159,19841384,19841159,CANCEL,BUY,1,135,2021-06-15T07:25:36.502,2021-06-15T07:25:36.508,25:36.5,07:25:36,0,750,0,#N/A,253.64,1,0,0,0,0,0,0,0,0
limpid-josh,M6@bmm,8043,1280,32750,1,32750,2236,NULL,19841385,19841272,19841385,19841272,CANCEL,SELL,1,550,2021-06-15T07:25:36.530,2021-06-15T07:25:36.536,25:36.5,07:25:36,0,750,0,#N/A,253.668,-1,0,0,0,0,0,0,0,0
limpid-josh,M5@bmm,8042,1280,32750,1,32750,2236,NULL,19841386,19841159,19841386,19841386,CANCEL,BUY,1,135,2021-06-15T07:25:36.670,2021-06-15T07:25:36.675,25:36.7,07:25:36,0,750,0,#N/A,253.808,1,0,0,0,0,0,0,0,0
limpid-josh,M5@bmm,8042,1280,32750,1,32750,2236,NULL,19841387,19841158,19841387,19841158,CANCEL,BUY,1,135,2021-06-15T07:25:37.143,2021-06-15T07:25:37.148,25:37.1,07:25:37,0,750,0,#N/A,254.281,1,0,0,0,0,0,0,0,0
limpid-josh,M5@bmm,8042,1280,32750,1,32750,2236,NULL,19841388,19841158,19841388,19841388,CANCEL,BUY,1,135,2021-06-15T07:25:37.312,2021-06-15T07:25:37.318,25:37.3,07:25:37,0,750,0,#N/A,254.45,1,0,0,0,0,0,0,0,0
limpid-josh,M5@bmm,8042,1280,32750,1,32750,2236,NULL,19841389,19841157,19841389,19841157,CANCEL,BUY,1,135,2021-06-15T07:25:37.846,2021-06-15T07:25:37.853,25:37.8,07:25:37,0,750,0,#N/A,254.984,1,0,0,0,0,0,0,0,0
limpid-josh,M5@bmm,8042,1280,32750,1,32750,2236,NULL,19841390,19841156,19841390,19841156,CANCEL,BUY,1,135,2021-06-15T07:25:38.254,2021-06-15T07:25:38.259,25:38.3,07:25:38,0,750,0,#N/A,255.392,1,0,0,0,0,0,0,0,0
limpid-josh,M4@bmm,8041,1280,32750,1,32750,2236,NULL,19841391,19841391,19841391,19841374,LIMIT,SELL,1,500,2021-06-15T07:25:41.958,2021-06-15T07:25:41.964,25:42.0,07:25:41,1,750,500,-250,259.096,-1,0,0,0,1,0,0,0,0
limpid-josh,M1@bmm,8038,1280,32750,1,32750,2236,NULL,19841392,19841265,19841392,19841265,CANCEL,BUY,1,475,2021-06-15T07:25:44.541,2021-06-15T07:25:44.547,25:44.5,07:25:44,0,750,0,#N/A,261.679,1,0,0,0,0,0,0,0,0
limpid-josh,M8@bmm,8045,1280,32750,1,32750,2236,NULL,19841393,19841393,19841393,NULL,LIMIT,SELL,2,550,2021-06-15T07:25:46.467,2021-06-15T07:25:46.469,25:46.5,07:25:46,0,750,0,#N/A,263.605,-1,0,0,0,0,0,0,0,0
limpid-josh,M1@bmm,8038,1280,32750,1,32750,2236,NULL,19841394,19841243,19841394,19841243,CANCEL,BUY,1,470,2021-06-15T07:25:47.202,2021-06-15T07:25:47.207,25:47.2,07:25:47,0,750,0,#N/A,264.34,1,0,0,0,0,0,0,0,0
limpid-josh,M5@bmm,8042,1280,32750,1,32750,2236,NULL,19841395,19841173,19841395,19841173,CANCEL,SELL,1,610,2021-06-15T07:25:47.956,2021-06-15T07:25:47.961,25:48.0,07:25:47,0,750,0,#N/A,265.094,-1,0,0,0,0,0,0,0,0
limpid-josh,M5@bmm,8042,1280,32750,1,32750,2236,NULL,19841396,19841173,19841396,19841396,CANCEL,SELL,1,610,2021-06-15T07:25:48.150,2021-06-15T07:25:48.156,25:48.2,07:25:48,0,750,0,#N/A,265.288,-1,0,0,0,0,0,0,0,0
limpid-josh,M1@bmm,8038,1280,32750,1,32750,2236,NULL,19841397,19841397,19841397,19841405,LIMIT,BUY,1,500,2021-06-15T07:25:48.232,2021-06-15T07:25:52.640,25:48.2,07:25:48,0,750,0,#N/A,265.37,1,0,0,0,0,0,0,0,0
limpid-josh,M5@bmm,8042,1280,32750,1,32750,2236,NULL,19841398,19841195,19841398,19841195,CANCEL,SELL,1,605,2021-06-15T07:25:48.815,2021-06-15T07:25:48.821,25:48.8,07:25:48,0,750,0,#N/A,265.953,-1,0,0,0,0,0,0,0,0
limpid-josh,M5@bmm,8042,1280,32750,1,32750,2236,NULL,19841399,19841195,19841399,19841399,CANCEL,SELL,1,605,2021-06-15T07:25:48.958,2021-06-15T07:25:48.963,25:49.0,07:25:48,0,750,0,#N/A,266.096,-1,0,0,0,0,0,0,0,0
limpid-josh,M1@bmm,8038,1280,32750,1,32750,2236,NULL,19841400,19841400,19841400,NULL,LIMIT,BUY,1,500,2021-06-15T07:25:49.714,2021-06-15T07:25:49.716,25:49.7,07:25:49,0,750,0,#N/A,266.852,1,0,0,0,0,0,0,0,0
limpid-josh,M5@bmm,8042,1280,32750,1,32750,2236,NULL,19841401,19841335,19841401,19841335,CANCEL,SELL,1,545,2021-06-15T07:25:49.918,2021-06-15T07:25:49.923,25:49.9,07:25:49,0,750,0,#N/A,267.056,-1,0,0,0,0,0,0,0,0
limpid-josh,M5@bmm,8042,1280,32750,1,32750,2236,NULL,19841402,19841194,19841402,19841194,CANCEL,SELL,1,605,2021-06-15T07:25:51.039,2021-06-15T07:25:51.045,25:51.0,07:25:51,0,750,0,#N/A,268.177,-1,0,0,0,0,0,0,0,0
limpid-josh,M5@bmm,8042,1280,32750,1,32750,2236,NULL,19841403,19841194,19841403,19841403,CANCEL,SELL,1,605,2021-06-15T07:25:51.198,2021-06-15T07:25:51.203,25:51.2,07:25:51,0,750,0,#N/A,268.336,-1,0,0,0,0,0,0,0,0
limpid-josh,M5@bmm,8042,1280,32750,1,32750,2236,NULL,19841404,19841193,19841404,19841193,CANCEL,SELL,1,605,2021-06-15T07:25:52.022,2021-06-15T07:25:52.028,25:52.0,07:25:52,0,750,0,#N/A,269.16,-1,0,0,0,0,0,0,0,0
limpid-josh,M4@bmm,8041,1280,32750,1,32750,2236,NULL,19841405,19841405,19841405,19841397,LIMIT,SELL,1,500,2021-06-15T07:25:52.634,2021-06-15T07:25:52.640,25:52.6,07:25:52,1,750,500,-250,269.772,-1,0,0,0,1,0,0,0,0
limpid-josh,M6@bmm,8043,1280,32750,1,32750,2236,NULL,19841406,19841406,19841406,NULL,LIMIT,SELL,1,520,2021-06-15T07:25:59.199,2021-06-15T07:25:59.202,25:59.2,07:25:59,0,750,0,#N/A,276.337,-1,0,0,0,0,0,0,0,0
limpid-josh,M5@bmm,8042,1280,32750,1,32750,2236,NULL,19841407,19841407,19841407,19841369,LIMIT,BUY,1,505,2021-06-15T07:25:59.861,2021-06-15T07:25:59.868,25:59.9,07:25:59,1,750,505,-245,276.999,1,0,0,0,0,1,0,0,0
limpid-josh,M5@bmm,8042,1280,32750,1,32750,2236,NULL,19841408,19841408,19841408,19841411,LIMIT,BUY,1,505,2021-06-15T07:26:02.855,2021-06-15T07:26:10.086,26:02.9,07:26:02,0,750,0,#N/A,279.993,1,0,0,0,0,0,0,0,0
limpid-josh,M5@bmm,8042,1280,32750,1,32750,2236,NULL,19841409,19841409,19841409,NULL,LIMIT,BUY,1,505,2021-06-15T07:26:06.815,2021-06-15T07:26:06.817,26:06.8,07:26:06,0,750,0,#N/A,283.953,1,0,0,0,0,0,0,0,0
limpid-josh,M8@bmm,8045,1280,32750,1,32750,2236,NULL,19841410,19841410,19841410,0,LIMIT,SELL,1,500,2021-06-15T07:26:10.074,2021-06-15T07:26:10.086,26:10.1,07:26:10,0,750,0,#N/A,287.212,-1,0,0,0,0,0,0,0,0
limpid-josh,M8@bmm,8045,1280,32750,1,32750,2236,NULL,19841411,19841410,19841410,19841408,LIMIT,SELL,1,505,2021-06-15T07:26:10.080,2021-06-15T07:26:10.086,26:10.1,07:26:10,1,750,505,-245,287.218,-1,0,0,0,0,0,0,0,1
limpid-josh,M6@bmm,8043,1280,32750,1,32750,2236,NULL,19841412,19841412,19841412,NULL,LIMIT,BUY,1,500,2021-06-15T07:26:11.994,2021-06-15T07:26:11.997,26:12.0,07:26:11,0,750,0,#N/A,289.132,1,0,0,0,0,0,0,0,0
limpid-josh,M5@bmm,8042,1280,32751,2,32751,2236,NULL,19841413,19841413,19841413,19841536,LIMIT,BUY,1,160,2021-06-15T07:26:39.168,2021-06-15T07:29:07.975,26:39.2,07:26:39,0,700,0,#N/A,316.306,1,0,0,0,0,0,0,0,0
limpid-josh,M5@bmm,8042,1280,32751,2,32751,2236,NULL,19841414,19841414,19841414,19841534,LIMIT,BUY,1,160,2021-06-15T07:26:39.989,2021-06-15T07:29:07.221,26:40.0,07:26:39,0,700,0,#N/A,317.127,1,0,0,0,0,0,0,0,0
limpid-josh,M6@bmm,8043,1280,32751,2,32751,2236,NULL,19841415,19841415,19841415,19841454,LIMIT,BUY,1,390,2021-06-15T07:26:41.954,2021-06-15T07:27:11.870,26:42.0,07:26:41,0,700,0,#N/A,319.092,1,0,0,0,0,0,0,0,0
limpid-josh,M1@bmm,8038,1280,32751,2,32751,2236,NULL,19841416,19841416,19841416,19841529,LIMIT,BUY,1,405,2021-06-15T07:26:44.028,2021-06-15T07:28:44.778,26:44.0,07:26:44,0,700,0,#N/A,321.166,1,0,0,0,0,0,0,0,0
limpid-josh,M1@bmm,8038,1280,32751,2,32751,2236,NULL,19841417,19841417,19841417,19841442,LIMIT,BUY,1,405,2021-06-15T07:26:44.260,2021-06-15T07:27:01.063,26:44.3,07:26:44,0,700,0,#N/A,321.398,1,0,0,0,0,0,0,0,0
limpid-josh,M5@bmm,8042,1280,32751,2,32751,2236,NULL,19841418,19841418,19841418,NULL,LIMIT,BUY,1,480,2021-06-15T07:26:44.309,2021-06-15T07:26:44.312,26:44.3,07:26:44,0,700,0,#N/A,321.447,1,0,0,0,0,0,0,0,0
limpid-josh,M1@bmm,8038,1280,32751,2,32751,2236,NULL,19841419,19841419,19841419,19841439,LIMIT,BUY,1,405,2021-06-15T07:26:45.008,2021-06-15T07:27:00.399,26:45.0,07:26:45,0,700,0,#N/A,322.146,1,0,0,0,0,0,0,0,0
limpid-josh,M1@bmm,8038,1280,32751,2,32751,2236,NULL,19841420,19841420,19841420,19841436,LIMIT,BUY,1,405,2021-06-15T07:26:45.458,2021-06-15T07:26:58.599,26:45.5,07:26:45,0,700,0,#N/A,322.596,1,0,0,0,0,0,0,0,0
limpid-josh,M1@bmm,8038,1280,32751,2,32751,2236,NULL,19841421,19841421,19841421,19841434,LIMIT,BUY,1,405,2021-06-15T07:26:46.302,2021-06-15T07:26:58.263,26:46.3,07:26:46,0,700,0,#N/A,323.44,1,0,0,0,0,0,0,0,0
limpid-josh,M6@bmm,8043,1280,32751,2,32751,2236,NULL,19841422,19841422,19841422,19841537,LIMIT,SELL,1,575,2021-06-15T07:26:46.961,2021-06-15T07:29:12.571,26:47.0,07:26:46,0,700,0,#N/A,324.099,-1,0,0,0,0,0,0,0,0
limpid-josh,M1@bmm,8038,1280,32751,2,32751,2236,NULL,19841423,19841423,19841423,19841432,LIMIT,BUY,1,405,2021-06-15T07:26:47.145,2021-06-15T07:26:57.520,26:47.1,07:26:47,0,700,0,#N/A,324.283,1,0,0,0,0,0,0,0,0
limpid-josh,M8@bmm,8045,1280,32751,2,32751,2236,NULL,19841424,19841424,19841424,0,LIMIT,BUY,2,530,2021-06-15T07:26:48.385,2021-06-15T07:26:53.348,26:48.4,07:26:48,0,700,0,#N/A,325.523,1,0,0,0,0,0,0,0,0
limpid-josh,M3@bmm,8040,1280,32751,2,32751,2236,NULL,19841425,19841425,19841425,19841469,LIMIT,BUY,1,450,2021-06-15T07:26:51.984,2021-06-15T07:27:32.167,26:52.0,07:26:51,0,700,0,#N/A,329.122,1,0,0,0,0,0,0,0,0
limpid-josh,M4@bmm,8041,1280,32751,2,32751,2236,NULL,19841426,19841426,19841426,0,LIMIT,SELL,1,515,2021-06-15T07:26:53.333,2021-06-15T07:26:53.348,26:53.3,07:26:53,0,700,0,#N/A,330.471,-1,0,0,0,0,0,0,0,0
limpid-josh,M4@bmm,8041,1280,32751,2,32751,2236,NULL,19841427,19841426,19841426,19841428,LIMIT,SELL,1,530,2021-06-15T07:26:53.339,2021-06-15T07:26:53.348,26:53.3,07:26:53,0,700,0,#N/A,330.477,-1,0,0,0,0,0,0,0,0
limpid-josh,M8@bmm,8045,1280,32751,2,32751,2236,NULL,19841428,19841424,19841424,19841427,LIMIT,BUY,1,530,2021-06-15T07:26:53.342,2021-06-15T07:26:53.348,26:53.3,07:26:53,1,700,530,-170,330.48,1,0,0,0,0,0,0,0,1
limpid-josh,M8@bmm,8045,1280,32751,2,32751,2236,NULL,19841429,19841424,19841424,19841451,LIMIT,BUY,1,530,2021-06-15T07:26:48.385,2021-06-15T07:27:03.080,26:48.4,07:26:48,0,700,0,#N/A,325.523,1,0,0,0,0,0,0,0,0
limpid-josh,M5@bmm,8042,1280,32751,2,32751,2236,NULL,19841430,19841430,19841430,19841572,LIMIT,SELL,1,540,2021-06-15T07:26:53.406,2021-06-15T07:31:05.560,26:53.4,07:26:53,0,700,0,#N/A,330.544,-1,0,0,0,0,0,0,0,0
limpid-josh,M5@bmm,8042,1280,32751,2,32751,2236,NULL,19841431,19841431,19841431,19841571,LIMIT,SELL,1,540,2021-06-15T07:26:54.094,2021-06-15T07:30:51.061,26:54.1,07:26:54,0,700,0,#N/A,331.232,-1,0,0,0,0,0,0,0,0
limpid-josh,M1@bmm,8038,1280,32751,2,32751,2236,NULL,19841432,19841423,19841432,19841423,CANCEL,BUY,1,405,2021-06-15T07:26:57.515,2021-06-15T07:26:57.520,26:57.5,07:26:57,0,700,0,#N/A,334.653,1,0,0,0,0,0,0,0,0
limpid-josh,M1@bmm,8038,1280,32751,2,32751,2236,NULL,19841433,19841423,19841433,19841433,CANCEL,BUY,1,405,2021-06-15T07:26:57.761,2021-06-15T07:26:57.766,26:57.8,07:26:57,0,700,0,#N/A,334.899,1,0,0,0,0,0,0,0,0
limpid-josh,M1@bmm,8038,1280,32751,2,32751,2236,NULL,19841434,19841421,19841434,19841421,CANCEL,BUY,1,405,2021-06-15T07:26:58.257,2021-06-15T07:26:58.262,26:58.3,07:26:58,0,700,0,#N/A,335.395,1,0,0,0,0,0,0,0,0
limpid-josh,M1@bmm,8038,1280,32751,2,32751,2236,NULL,19841435,19841421,19841435,19841435,CANCEL,BUY,1,405,2021-06-15T07:26:58.426,2021-06-15T07:26:58.431,26:58.4,07:26:58,0,700,0,#N/A,335.564,1,0,0,0,0,0,0,0,0
limpid-josh,M1@bmm,8038,1280,32751,2,32751,2236,NULL,19841436,19841420,19841436,19841420,CANCEL,BUY,1,405,2021-06-15T07:26:58.594,2021-06-15T07:26:58.599,26:58.6,07:26:58,0,700,0,#N/A,335.732,1,0,0,0,0,0,0,0,0
limpid-josh,M1@bmm,8038,1280,32751,2,32751,2236,NULL,19841437,19841420,19841437,19841437,CANCEL,BUY,1,405,2021-06-15T07:26:58.769,2021-06-15T07:26:58.775,26:58.8,07:26:58,0,700,0,#N/A,335.907,1,0,0,0,0,0,0,0,0
limpid-josh,M7@bmm,8044,1280,32751,2,32751,2236,NULL,19841438,19841438,19841438,19841453,LIMIT,BUY,1,495,2021-06-15T07:26:59.157,2021-06-15T07:27:07.145,26:59.2,07:26:59,0,700,0,#N/A,336.295,1,0,0,0,0,0,0,0,0
limpid-josh,M1@bmm,8038,1280,32751,2,32751,2236,NULL,19841439,19841419,19841439,19841419,CANCEL,BUY,1,405,2021-06-15T07:27:00.393,2021-06-15T07:27:00.399,27:00.4,07:27:00,0,700,0,#N/A,337.531,1,0,0,0,0,0,0,0,0
limpid-josh,M1@bmm,8038,1280,32751,2,32751,2236,NULL,19841440,19841419,19841440,19841440,CANCEL,BUY,1,405,2021-06-15T07:27:00.619,2021-06-15T07:27:00.624,27:00.6,07:27:00,0,700,0,#N/A,337.757,1,0,0,0,0,0,0,0,0
limpid-josh,M3@bmm,8040,1280,32751,2,32751,2236,NULL,19841441,19841441,19841441,19841468,LIMIT,BUY,1,450,2021-06-15T07:27:00.834,2021-06-15T07:27:31.784,27:00.8,07:27:00,0,700,0,#N/A,337.972,1,0,0,0,0,0,0,0,0
limpid-josh,M1@bmm,8038,1280,32751,2,32751,2236,NULL,19841442,19841417,19841442,19841417,CANCEL,BUY,1,405,2021-06-15T07:27:01.057,2021-06-15T07:27:01.063,27:01.1,07:27:01,0,700,0,#N/A,338.195,1,0,0,0,0,0,0,0,0
limpid-josh,M3@bmm,8040,1280,32751,2,32751,2236,NULL,19841443,19841443,19841443,19841467,LIMIT,BUY,1,450,2021-06-15T07:27:01.069,2021-06-15T07:27:31.275,27:01.1,07:27:01,0,700,0,#N/A,338.207,1,0,0,0,0,0,0,0,0
limpid-josh,M5@bmm,8042,1280,32751,2,32751,2236,NULL,19841444,19841444,19841444,19841551,LIMIT,SELL,1,535,2021-06-15T07:27:01.141,2021-06-15T07:29:53.885,27:01.1,07:27:01,0,700,0,#N/A,338.279,-1,0,0,0,0,0,0,0,0
limpid-josh,M3@bmm,8040,1280,32751,2,32751,2236,NULL,19841445,19841445,19841445,19841465,LIMIT,BUY,1,450,2021-06-15T07:27:01.302,2021-06-15T07:27:30.786,27:01.3,07:27:01,0,700,0,#N/A,338.44,1,0,0,0,0,0,0,0,0
limpid-josh,M5@bmm,8042,1280,32751,2,32751,2236,NULL,19841446,19841446,19841446,19841552,LIMIT,SELL,1,535,2021-06-15T07:27:01.493,2021-06-15T07:29:54.124,27:01.5,07:27:01,0,700,0,#N/A,338.631,-1,0,0,0,0,0,0,0,0
limpid-josh,M1@bmm,8038,1280,32751,2,32751,2236,NULL,19841447,19841447,19841447,19841481,LIMIT,BUY,1,500,2021-06-15T07:27:02.105,2021-06-15T07:27:42.649,27:02.1,07:27:02,0,700,0,#N/A,339.243,1,0,0,0,0,0,0,0,0
limpid-josh,M1@bmm,8038,1280,32751,2,32751,2236,NULL,19841448,19841448,19841448,19841478,LIMIT,BUY,1,500,2021-06-15T07:27:02.322,2021-06-15T07:27:40.081,27:02.3,07:27:02,0,700,0,#N/A,339.46,1,0,0,0,0,0,0,0,0
limpid-josh,M1@bmm,8038,1280,32751,2,32751,2236,NULL,19841449,19841449,19841449,19841477,LIMIT,BUY,1,500,2021-06-15T07:27:02.529,2021-06-15T07:27:39.583,27:02.5,07:27:02,0,700,0,#N/A,339.667,1,0,0,0,0,0,0,0,0
limpid-josh,M1@bmm,8038,1280,32751,2,32751,2236,NULL,19841450,19841450,19841450,19841476,LIMIT,BUY,1,500,2021-06-15T07:27:02.712,2021-06-15T07:27:39.015,27:02.7,07:27:02,0,700,0,#N/A,339.85,1,0,0,0,0,0,0,0,0
limpid-josh,M4@bmm,8041,1280,32751,2,32751,2236,NULL,19841451,19841451,19841451,19841429,LIMIT,SELL,1,530,2021-06-15T07:27:03.073,2021-06-15T07:27:03.080,27:03.1,07:27:03,1,700,530,-170,340.211,-1,0,0,0,1,0,0,0,0
limpid-josh,M6@bmm,8043,1280,32751,2,32751,2236,NULL,19841452,19841452,19841452,19841459,LIMIT,BUY,1,520,2021-06-15T07:27:05.900,2021-06-15T07:27:17.301,27:05.9,07:27:05,0,700,0,#N/A,343.038,1,0,0,0,0,0,0,0,0
limpid-josh,M7@bmm,8044,1280,32751,2,32751,2236,NULL,19841453,19841438,19841453,19841438,CANCEL,BUY,1,495,2021-06-15T07:27:07.139,2021-06-15T07:27:07.145,27:07.1,07:27:07,0,700,0,#N/A,344.277,1,0,0,0,0,0,0,0,0
limpid-josh,M6@bmm,8043,1280,32751,2,32751,2236,NULL,19841454,19841415,19841454,19841415,CANCEL,BUY,1,390,2021-06-15T07:27:11.864,2021-06-15T07:27:11.870,27:11.9,07:27:11,0,700,0,#N/A,349.002,1,0,0,0,0,0,0,0,0
limpid-josh,M3@bmm,8040,1280,32751,2,32751,2236,NULL,19841455,19841455,19841455,NULL,LIMIT,SELL,1,695,2021-06-15T07:27:12.866,2021-06-15T07:27:12.869,27:12.9,07:27:12,0,700,0,#N/A,350.004,-1,0,0,0,0,0,0,0,0
limpid-josh,M3@bmm,8040,1280,32751,2,32751,2236,NULL,19841456,19841456,19841456,NULL,LIMIT,SELL,1,695,2021-06-15T07:27:13.530,2021-06-15T07:27:13.533,27:13.5,07:27:13,0,700,0,#N/A,350.668,-1,0,0,0,0,0,0,0,0
limpid-josh,M3@bmm,8040,1280,32751,2,32751,2236,NULL,19841457,19841457,19841457,NULL,LIMIT,SELL,1,695,2021-06-15T07:27:13.764,2021-06-15T07:27:13.767,27:13.8,07:27:13,0,700,0,#N/A,350.902,-1,0,0,0,0,0,0,0,0
limpid-josh,M2@bmm,8039,1280,32751,2,32751,2236,NULL,19841458,19841458,19841458,0,LIMIT,SELL,1,510,2021-06-15T07:27:17.293,2021-06-15T07:27:17.301,27:17.3,07:27:17,0,700,0,#N/A,354.431,-1,0,0,0,0,0,0,0,0
limpid-josh,M2@bmm,8039,1280,32751,2,32751,2236,NULL,19841459,19841458,19841458,19841452,LIMIT,SELL,1,520,2021-06-15T07:27:17.298,2021-06-15T07:27:17.301,27:17.3,07:27:17,1,700,520,-180,354.436,-1,0,1,0,0,0,0,0,0
limpid-josh,M5@bmm,8042,1280,32751,2,32751,2236,NULL,19841460,19841460,19841460,19841507,LIMIT,SELL,1,530,2021-06-15T07:27:19.542,2021-06-15T07:28:08.423,27:19.5,07:27:19,0,700,0,#N/A,356.68,-1,0,0,0,0,0,0,0,0
limpid-josh,M5@bmm,8042,1280,32751,2,32751,2236,NULL,19841461,19841461,19841461,19841505,LIMIT,SELL,1,530,2021-06-15T07:27:20.591,2021-06-15T07:28:08.004,27:20.6,07:27:20,0,700,0,#N/A,357.729,-1,0,0,0,0,0,0,0,0
limpid-josh,M3@bmm,8040,1280,32751,2,32751,2236,NULL,19841462,19841462,19841462,19841501,LIMIT,BUY,1,500,2021-06-15T07:27:21.538,2021-06-15T07:28:00.852,27:21.5,07:27:21,0,700,0,#N/A,358.676,1,0,0,0,0,0,0,0,0
limpid-josh,M6@bmm,8043,1280,32751,2,32751,2236,NULL,19841463,19841463,19841463,19841556,LIMIT,SELL,1,560,2021-06-15T07:27:23.322,2021-06-15T07:30:16.527,27:23.3,07:27:23,0,700,0,#N/A,360.46,-1,0,0,0,0,0,0,0,0
limpid-josh,M5@bmm,8042,1280,32751,2,32751,2236,NULL,19841464,19841464,19841464,NULL,LIMIT,BUY,1,505,2021-06-15T07:27:26.183,2021-06-15T07:27:26.185,27:26.2,07:27:26,0,700,0,#N/A,363.321,1,0,0,0,0,0,0,0,0
limpid-josh,M3@bmm,8040,1280,32751,2,32751,2236,NULL,19841465,19841445,19841465,19841445,CANCEL,BUY,1,450,2021-06-15T07:27:30.780,2021-06-15T07:27:30.786,27:30.8,07:27:30,0,700,0,#N/A,367.918,1,0,0,0,0,0,0,0,0
limpid-josh,M3@bmm,8040,1280,32751,2,32751,2236,NULL,19841466,19841445,19841466,19841466,CANCEL,BUY,1,450,2021-06-15T07:27:31.027,2021-06-15T07:27:31.032,27:31.0,07:27:31,0,700,0,#N/A,368.165,1,0,0,0,0,0,0,0,0
limpid-josh,M3@bmm,8040,1280,32751,2,32751,2236,NULL,19841467,19841443,19841467,19841443,CANCEL,BUY,1,450,2021-06-15T07:27:31.269,2021-06-15T07:27:31.275,27:31.3,07:27:31,0,700,0,#N/A,368.407,1,0,0,0,0,0,0,0,0
limpid-josh,M3@bmm,8040,1280,32751,2,32751,2236,NULL,19841468,19841441,19841468,19841441,CANCEL,BUY,1,450,2021-06-15T07:27:31.778,2021-06-15T07:27:31.783,27:31.8,07:27:31,0,700,0,#N/A,368.916,1,0,0,0,0,0,0,0,0
limpid-josh,M3@bmm,8040,1280,32751,2,32751,2236,NULL,19841469,19841425,19841469,19841425,CANCEL,BUY,1,450,2021-06-15T07:27:32.161,2021-06-15T07:27:32.167,27:32.2,07:27:32,0,700,0,#N/A,369.299,1,0,0,0,0,0,0,0,0
limpid-josh,M3@bmm,8040,1280,32751,2,32751,2236,NULL,19841470,19841425,19841470,19841470,CANCEL,BUY,1,450,2021-06-15T07:27:32.322,2021-06-15T07:27:32.327,27:32.3,07:27:32,0,700,0,#N/A,369.46,1,0,0,0,0,0,0,0,0
limpid-josh,M6@bmm,8043,1280,32751,2,32751,2236,NULL,19841471,19841471,19841471,19841500,LIMIT,BUY,1,515,2021-06-15T07:27:33.754,2021-06-15T07:27:58.689,27:33.8,07:27:33,0,700,0,#N/A,370.892,1,0,0,0,0,0,0,0,0
limpid-josh,M3@bmm,8040,1280,32751,2,32751,2236,NULL,19841472,19841472,19841472,19841499,LIMIT,BUY,1,500,2021-06-15T07:27:36.971,2021-06-15T07:27:58.667,27:37.0,07:27:36,0,700,0,#N/A,374.109,1,0,0,0,0,0,0,0,0
limpid-josh,M3@bmm,8040,1280,32751,2,32751,2236,NULL,19841473,19841473,19841473,19841496,LIMIT,BUY,1,500,2021-06-15T07:27:37.130,2021-06-15T07:27:56.635,27:37.1,07:27:37,0,700,0,#N/A,374.268,1,0,0,0,0,0,0,0,0
limpid-josh,M3@bmm,8040,1280,32751,2,32751,2236,NULL,19841474,19841474,19841474,19841493,LIMIT,BUY,1,500,2021-06-15T07:27:37.298,2021-06-15T07:27:55.984,27:37.3,07:27:37,0,700,0,#N/A,374.436,1,0,0,0,0,0,0,0,0
limpid-josh,M8@bmm,8045,1280,32751,2,32751,2236,NULL,19841475,19841475,19841475,0,LIMIT,SELL,2,530,2021-06-15T07:27:38.621,2021-06-15T07:28:28.159,27:38.6,07:27:38,0,700,0,#N/A,375.759,-1,0,0,0,0,0,0,0,0
limpid-josh,M1@bmm,8038,1280,32751,2,32751,2236,NULL,19841476,19841450,19841476,19841450,CANCEL,BUY,1,500,2021-06-15T07:27:39.009,2021-06-15T07:27:39.015,27:39.0,07:27:39,0,700,0,#N/A,376.147,1,0,0,0,0,0,0,0,0
limpid-josh,M1@bmm,8038,1280,32751,2,32751,2236,NULL,19841477,19841449,19841477,19841449,CANCEL,BUY,1,500,2021-06-15T07:27:39.577,2021-06-15T07:27:39.582,27:39.6,07:27:39,0,700,0,#N/A,376.715,1,0,0,0,0,0,0,0,0
limpid-josh,M1@bmm,8038,1280,32751,2,32751,2236,NULL,19841478,19841448,19841478,19841448,CANCEL,BUY,1,500,2021-06-15T07:27:40.074,2021-06-15T07:27:40.080,27:40.1,07:27:40,0,700,0,#N/A,377.212,1,0,0,0,0,0,0,0,0
limpid-josh,M1@bmm,8038,1280,32751,2,32751,2236,NULL,19841479,19841479,19841479,19841491,LIMIT,BUY,1,505,2021-06-15T07:27:40.681,2021-06-15T07:27:55.023,27:40.7,07:27:40,0,700,0,#N/A,377.819,1,0,0,0,0,0,0,0,0
limpid-josh,M1@bmm,8038,1280,32751,2,32751,2236,NULL,19841480,19841480,19841480,19841490,LIMIT,BUY,1,505,2021-06-15T07:27:41.281,2021-06-15T07:27:54.441,27:41.3,07:27:41,0,700,0,#N/A,378.419,1,0,0,0,0,0,0,0,0
limpid-josh,M1@bmm,8038,1280,32751,2,32751,2236,NULL,19841481,19841447,19841481,19841447,CANCEL,BUY,1,500,2021-06-15T07:27:42.642,2021-06-15T07:27:42.649,27:42.6,07:27:42,0,700,0,#N/A,379.78,1,0,0,0,0,0,0,0,0
limpid-josh,M1@bmm,8038,1280,32751,2,32751,2236,NULL,19841482,19841482,19841482,19841485,LIMIT,BUY,1,505,2021-06-15T07:27:43.154,2021-06-15T07:27:51.624,27:43.2,07:27:43,0,700,0,#N/A,380.292,1,0,0,0,0,0,0,0,0
limpid-josh,M1@bmm,8038,1280,32751,2,32751,2236,NULL,19841483,19841483,19841483,19841484,LIMIT,BUY,1,505,2021-06-15T07:27:45.785,2021-06-15T07:27:51.133,27:45.8,07:27:45,0,700,0,#N/A,382.923,1,0,0,0,0,0,0,0,0
limpid-josh,M1@bmm,8038,1280,32751,2,32751,2236,NULL,19841484,19841483,19841484,19841483,CANCEL,BUY,1,505,2021-06-15T07:27:51.127,2021-06-15T07:27:51.133,27:51.1,07:27:51,0,700,0,#N/A,388.265,1,0,0,0,0,0,0,0,0
limpid-josh,M1@bmm,8038,1280,32751,2,32751,2236,NULL,19841485,19841482,19841485,19841482,CANCEL,BUY,1,505,2021-06-15T07:27:51.618,2021-06-15T07:27:51.624,27:51.6,07:27:51,0,700,0,#N/A,388.756,1,0,0,0,0,0,0,0,0
limpid-josh,M1@bmm,8038,1280,32751,2,32751,2236,NULL,19841486,19841486,19841486,19841511,LIMIT,BUY,1,510,2021-06-15T07:27:52.249,2021-06-15T07:28:11.224,27:52.2,07:27:52,0,700,0,#N/A,389.387,1,0,0,0,0,0,0,0,0
limpid-josh,M5@bmm,8042,1280,32751,2,32751,2236,NULL,19841487,19841487,19841487,NULL,LIMIT,BUY,1,520,2021-06-15T07:27:52.390,2021-06-15T07:27:52.393,27:52.4,07:27:52,0,700,0,#N/A,389.528,1,0,0,0,0,0,0,0,0
limpid-josh,M3@bmm,8040,1280,32751,2,32751,2236,NULL,19841488,19841488,19841488,NULL,LIMIT,BUY,1,520,2021-06-15T07:27:52.515,2021-06-15T07:27:52.518,27:52.5,07:27:52,0,700,0,#N/A,389.653,1,0,0,0,0,0,0,0,0
limpid-josh,M3@bmm,8040,1280,32751,2,32751,2236,NULL,19841489,19841489,19841489,19841564,LIMIT,BUY,1,520,2021-06-15T07:27:52.706,2021-06-15T07:30:24.997,27:52.7,07:27:52,0,700,0,#N/A,389.844,1,0,0,0,0,0,0,0,0
limpid-josh,M1@bmm,8038,1280,32751,2,32751,2236,NULL,19841490,19841480,19841490,19841480,CANCEL,BUY,1,505,2021-06-15T07:27:54.435,2021-06-15T07:27:54.441,27:54.4,07:27:54,0,700,0,#N/A,391.573,1,0,0,0,0,0,0,0,0
limpid-josh,M1@bmm,8038,1280,32751,2,32751,2236,NULL,19841491,19841479,19841491,19841479,CANCEL,BUY,1,505,2021-06-15T07:27:55.017,2021-06-15T07:27:55.022,27:55.0,07:27:55,0,700,0,#N/A,392.155,1,0,0,0,0,0,0,0,0
limpid-josh,M1@bmm,8038,1280,32751,2,32751,2236,NULL,19841492,19841492,19841492,19841510,LIMIT,BUY,1,510,2021-06-15T07:27:55.817,2021-06-15T07:28:10.839,27:55.8,07:27:55,0,700,0,#N/A,392.955,1,0,0,0,0,0,0,0,0
limpid-josh,M3@bmm,8040,1280,32751,2,32751,2236,NULL,19841493,19841474,19841493,19841474,CANCEL,BUY,1,500,2021-06-15T07:27:55.978,2021-06-15T07:27:55.983,27:56.0,07:27:55,0,700,0,#N/A,393.116,1,0,0,0,0,0,0,0,0
limpid-josh,M3@bmm,8040,1280,32751,2,32751,2236,NULL,19841494,19841474,19841494,19841494,CANCEL,BUY,1,500,2021-06-15T07:27:56.154,2021-06-15T07:27:56.160,27:56.2,07:27:56,0,700,0,#N/A,393.292,1,0,0,0,0,0,0,0,0
limpid-josh,M6@bmm,8043,1280,32751,2,32751,2236,NULL,19841495,19841495,19841495,19841502,LIMIT,BUY,1,525,2021-06-15T07:27:56.531,2021-06-15T07:28:00.957,27:56.5,07:27:56,0,700,0,#N/A,393.669,1,0,0,0,0,0,0,0,0
limpid-josh,M3@bmm,8040,1280,32751,2,32751,2236,NULL,19841496,19841473,19841496,19841473,CANCEL,BUY,1,500,2021-06-15T07:27:56.629,2021-06-15T07:27:56.635,27:56.6,07:27:56,0,700,0,#N/A,393.767,1,0,0,0,0,0,0,0,0
limpid-josh,M1@bmm,8038,1280,32751,2,32751,2236,NULL,19841497,19841497,19841497,19841506,LIMIT,BUY,1,510,2021-06-15T07:27:56.833,2021-06-15T07:28:08.393,27:56.8,07:27:56,0,700,0,#N/A,393.971,1,0,0,0,0,0,0,0,0
limpid-josh,M1@bmm,8038,1280,32751,2,32751,2236,NULL,19841498,19841498,19841498,19841504,LIMIT,BUY,1,510,2021-06-15T07:27:57.690,2021-06-15T07:28:07.874,27:57.7,07:27:57,0,700,0,#N/A,394.828,1,0,0,0,0,0,0,0,0
limpid-josh,M3@bmm,8040,1280,32751,2,32751,2236,NULL,19841499,19841472,19841499,19841472,CANCEL,BUY,1,500,2021-06-15T07:27:58.660,2021-06-15T07:27:58.666,27:58.7,07:27:58,0,700,0,#N/A,395.798,1,0,0,0,0,0,0,0,0
limpid-josh,M6@bmm,8043,1280,32751,2,32751,2236,NULL,19841500,19841471,19841500,19841471,CANCEL,BUY,1,515,2021-06-15T07:27:58.683,2021-06-15T07:27:58.689,27:58.7,07:27:58,0,700,0,#N/A,395.821,1,0,0,0,0,0,0,0,0
limpid-josh,M3@bmm,8040,1280,32751,2,32751,2236,NULL,19841501,19841462,19841501,19841462,CANCEL,BUY,1,500,2021-06-15T07:28:00.844,2021-06-15T07:28:00.852,28:00.8,07:28:00,0,700,0,#N/A,397.982,1,0,0,0,0,0,0,0,0
limpid-josh,M4@bmm,8041,1280,32751,2,32751,2236,NULL,19841502,19841502,19841502,19841495,LIMIT,SELL,1,525,2021-06-15T07:28:00.951,2021-06-15T07:28:00.957,28:01.0,07:28:00,1,700,525,-175,398.089,-1,0,0,0,1,0,0,0,0
limpid-josh,M3@bmm,8040,1280,32751,2,32751,2236,NULL,19841503,19841503,19841503,19841563,LIMIT,BUY,1,520,2021-06-15T07:28:05.076,2021-06-15T07:30:24.247,28:05.1,07:28:05,0,700,0,#N/A,402.214,1,0,0,0,0,0,0,0,0
limpid-josh,M1@bmm,8038,1280,32751,2,32751,2236,NULL,19841504,19841498,19841504,19841498,CANCEL,BUY,1,510,2021-06-15T07:28:07.867,2021-06-15T07:28:07.874,28:07.9,07:28:07,0,700,0,#N/A,405.005,1,0,0,0,0,0,0,0,0
limpid-josh,M5@bmm,8042,1280,32751,2,32751,2236,NULL,19841505,19841461,19841505,19841461,CANCEL,SELL,1,530,2021-06-15T07:28:07.998,2021-06-15T07:28:08.004,28:08.0,07:28:07,0,700,0,#N/A,405.136,-1,0,0,0,0,0,0,0,0
limpid-josh,M1@bmm,8038,1280,32751,2,32751,2236,NULL,19841506,19841497,19841506,19841497,CANCEL,BUY,1,510,2021-06-15T07:28:08.387,2021-06-15T07:28:08.393,28:08.4,07:28:08,0,700,0,#N/A,405.525,1,0,0,0,0,0,0,0,0
limpid-josh,M5@bmm,8042,1280,32751,2,32751,2236,NULL,19841507,19841460,19841507,19841460,CANCEL,SELL,1,530,2021-06-15T07:28:08.414,2021-06-15T07:28:08.423,28:08.4,07:28:08,0,700,0,#N/A,405.552,-1,0,0,0,0,0,0,0,0
limpid-josh,M1@bmm,8038,1280,32751,2,32751,2236,NULL,19841508,19841508,19841508,19841515,LIMIT,BUY,1,525,2021-06-15T07:28:08.865,2021-06-15T07:28:12.776,28:08.9,07:28:08,0,700,0,#N/A,406.003,1,0,0,0,0,0,0,0,0
limpid-josh,M1@bmm,8038,1280,32751,2,32751,2236,NULL,19841509,19841509,19841509,19841527,LIMIT,BUY,1,525,2021-06-15T07:28:09.144,2021-06-15T07:28:38.536,28:09.1,07:28:09,0,700,0,#N/A,406.282,1,0,0,0,0,0,0,0,0
limpid-josh,M1@bmm,8038,1280,32751,2,32751,2236,NULL,19841510,19841492,19841510,19841492,CANCEL,BUY,1,510,2021-06-15T07:28:10.833,2021-06-15T07:28:10.839,28:10.8,07:28:10,0,700,0,#N/A,407.971,1,0,0,0,0,0,0,0,0
limpid-josh,M1@bmm,8038,1280,32751,2,32751,2236,NULL,19841511,19841486,19841511,19841486,CANCEL,BUY,1,510,2021-06-15T07:28:11.218,2021-06-15T07:28:11.223,28:11.2,07:28:11,0,700,0,#N/A,408.356,1,0,0,0,0,0,0,0,0
limpid-josh,M1@bmm,8038,1280,32751,2,32751,2236,NULL,19841512,19841512,19841512,19841547,LIMIT,BUY,1,525,2021-06-15T07:28:11.803,2021-06-15T07:29:44.727,28:11.8,07:28:11,0,700,0,#N/A,408.941,1,0,0,0,0,0,0,0,0
limpid-josh,M1@bmm,8038,1280,32751,2,32751,2236,NULL,19841513,19841513,19841513,19841546,LIMIT,BUY,1,525,2021-06-15T07:28:12.288,2021-06-15T07:29:44.299,28:12.3,07:28:12,0,700,0,#N/A,409.426,1,0,0,0,0,0,0,0,0
limpid-josh,M2@bmm,8039,1280,32751,2,32751,2236,NULL,19841514,19841514,19841514,0,LIMIT,SELL,1,520,2021-06-15T07:28:12.764,2021-06-15T07:28:12.776,28:12.8,07:28:12,0,700,0,#N/A,409.902,-1,0,0,0,0,0,0,0,0
limpid-josh,M2@bmm,8039,1280,32751,2,32751,2236,NULL,19841515,19841514,19841514,19841508,LIMIT,SELL,1,525,2021-06-15T07:28:12.770,2021-06-15T07:28:12.776,28:12.8,07:28:12,1,700,525,-175,409.908,-1,0,1,0,0,0,0,0,0
limpid-josh,M6@bmm,8043,1280,32751,2,32751,2236,NULL,19841516,19841516,19841516,19841518,LIMIT,SELL,1,535,2021-06-15T07:28:14.655,2021-06-15T07:28:16.961,28:14.7,07:28:14,0,700,0,#N/A,411.793,-1,0,0,0,0,0,0,0,0
limpid-josh,M3@bmm,8040,1280,32751,2,32751,2236,NULL,19841517,19841517,19841517,NULL,LIMIT,BUY,1,525,2021-06-15T07:28:15.700,2021-06-15T07:28:15.702,28:15.7,07:28:15,0,700,0,#N/A,412.838,1,0,0,0,0,0,0,0,0
limpid-josh,M6@bmm,8043,1280,32751,2,32751,2236,NULL,19841518,19841516,19841518,19841516,CANCEL,SELL,1,535,2021-06-15T07:28:16.955,2021-06-15T07:28:16.961,28:17.0,07:28:16,0,700,0,#N/A,414.093,-1,0,0,0,0,0,0,0,0
limpid-josh,M2@bmm,8039,1280,32751,2,32751,2236,NULL,19841519,19841519,19841519,NULL,LIMIT,BUY,1,510,2021-06-15T07:28:24.302,2021-06-15T07:28:24.304,28:24.3,07:28:24,0,700,0,#N/A,421.44,1,0,0,0,0,0,0,0,0
limpid-josh,M3@bmm,8040,1280,32751,2,32751,2236,NULL,19841520,19841520,19841520,19841561,LIMIT,BUY,1,525,2021-06-15T07:28:27.306,2021-06-15T07:30:22.275,28:27.3,07:28:27,0,700,0,#N/A,424.444,1,0,0,0,0,0,0,0,0
limpid-josh,M6@bmm,8043,1280,32751,2,32751,2236,NULL,19841521,19841521,19841521,19841522,LIMIT,BUY,1,530,2021-06-15T07:28:28.146,2021-06-15T07:28:28.158,28:28.1,07:28:28,0,700,0,#N/A,425.284,1,0,0,0,0,0,0,0,0
limpid-josh,M8@bmm,8045,1280,32751,2,32751,2236,NULL,19841522,19841475,19841475,19841521,LIMIT,SELL,1,530,2021-06-15T07:28:28.153,2021-06-15T07:28:28.159,28:28.2,07:28:28,1,700,530,-170,425.291,-1,0,0,0,0,0,0,0,1
limpid-josh,M8@bmm,8045,1280,32751,2,32751,2236,NULL,19841523,19841475,19841475,19841528,LIMIT,SELL,1,530,2021-06-15T07:27:38.621,2021-06-15T07:28:44.549,27:38.6,07:27:38,0,700,0,#N/A,375.759,-1,0,0,0,0,0,0,0,0
limpid-josh,M3@bmm,8040,1280,32751,2,32751,2236,NULL,19841524,19841524,19841524,19841559,LIMIT,BUY,1,525,2021-06-15T07:28:28.277,2021-06-15T07:30:21.347,28:28.3,07:28:28,0,700,0,#N/A,425.415,1,0,0,0,0,0,0,0,0
limpid-josh,M2@bmm,8039,1280,32751,2,32751,2236,NULL,19841525,19841525,19841525,NULL,LIMIT,BUY,1,510,2021-06-15T07:28:30.646,2021-06-15T07:28:30.649,28:30.6,07:28:30,0,700,0,#N/A,427.784,1,0,0,0,0,0,0,0,0
limpid-josh,M2@bmm,8039,1280,32751,2,32751,2236,NULL,19841526,19841526,19841526,19841535,LIMIT,BUY,1,510,2021-06-15T07:28:34.005,2021-06-15T07:29:07.790,28:34.0,07:28:34,0,700,0,#N/A,431.143,1,0,0,0,0,0,0,0,0
limpid-josh,M4@bmm,8041,1280,32751,2,32751,2236,NULL,19841527,19841527,19841527,19841509,LIMIT,SELL,1,525,2021-06-15T07:28:38.528,2021-06-15T07:28:38.535,28:38.5,07:28:38,1,700,525,-175,435.666,-1,0,0,0,1,0,0,0,0
limpid-josh,M5@bmm,8042,1280,32751,2,32751,2236,NULL,19841528,19841528,19841528,19841523,LIMIT,BUY,1,530,2021-06-15T07:28:44.543,2021-06-15T07:28:44.549,28:44.5,07:28:44,1,700,530,-170,441.681,1,0,0,0,0,1,0,0,0
limpid-josh,M1@bmm,8038,1280,32751,2,32751,2236,NULL,19841529,19841416,19841529,19841416,CANCEL,BUY,1,405,2021-06-15T07:28:44.772,2021-06-15T07:28:44.778,28:44.8,07:28:44,0,700,0,#N/A,441.91,1,0,0,0,0,0,0,0,0
limpid-josh,M1@bmm,8038,1280,32751,2,32751,2236,NULL,19841530,19841530,19841530,19841531,LIMIT,BUY,1,530,2021-06-15T07:28:47.193,2021-06-15T07:28:59.897,28:47.2,07:28:47,0,700,0,#N/A,444.331,1,0,0,0,0,0,0,0,0
limpid-josh,M6@bmm,8043,1280,32751,2,32751,2236,NULL,19841531,19841531,19841531,19841530,LIMIT,SELL,1,530,2021-06-15T07:28:59.891,2021-06-15T07:28:59.897,28:59.9,07:28:59,1,700,530,-170,457.029,-1,0,0,0,0,0,1,0,0
limpid-josh,M2@bmm,8039,1280,32751,2,32751,2236,NULL,19841532,19841532,19841532,NULL,LIMIT,BUY,1,515,2021-06-15T07:29:05.630,2021-06-15T07:29:05.633,29:05.6,07:29:05,0,700,0,#N/A,462.768,1,0,0,0,0,0,0,0,0
limpid-josh,M8@bmm,8045,1280,32751,2,32751,2236,NULL,19841533,19841533,19841533,NULL,LIMIT,BUY,2,525,2021-06-15T07:29:06.473,2021-06-15T07:29:06.476,29:06.5,07:29:06,0,700,0,#N/A,463.611,1,0,0,0,0,0,0,0,0
limpid-josh,M5@bmm,8042,1280,32751,2,32751,2236,NULL,19841534,19841414,19841534,19841414,CANCEL,BUY,1,160,2021-06-15T07:29:07.214,2021-06-15T07:29:07.221,29:07.2,07:29:07,0,700,0,#N/A,464.352,1,0,0,0,0,0,0,0,0
limpid-josh,M2@bmm,8039,1280,32751,2,32751,2236,NULL,19841535,19841526,19841535,19841526,CANCEL,BUY,1,510,2021-06-15T07:29:07.784,2021-06-15T07:29:07.790,29:07.8,07:29:07,0,700,0,#N/A,464.922,1,0,0,0,0,0,0,0,0
limpid-josh,M5@bmm,8042,1280,32751,2,32751,2236,NULL,19841536,19841413,19841536,19841413,CANCEL,BUY,1,160,2021-06-15T07:29:07.969,2021-06-15T07:29:07.975,29:08.0,07:29:07,0,700,0,#N/A,465.107,1,0,0,0,0,0,0,0,0
limpid-josh,M6@bmm,8043,1280,32751,2,32751,2236,NULL,19841537,19841422,19841537,19841422,CANCEL,SELL,1,575,2021-06-15T07:29:12.565,2021-06-15T07:29:12.571,29:12.6,07:29:12,0,700,0,#N/A,469.703,-1,0,0,0,0,0,0,0,0
limpid-josh,M6@bmm,8043,1280,32751,2,32751,2236,NULL,19841538,19841538,19841538,19841544,LIMIT,SELL,1,545,2021-06-15T07:29:17.259,2021-06-15T07:29:34.548,29:17.3,07:29:17,0,700,0,#N/A,474.397,-1,0,0,0,0,0,0,0,0
limpid-josh,M8@bmm,8045,1280,32751,2,32751,2236,NULL,19841539,19841539,19841539,NULL,LIMIT,SELL,2,540,2021-06-15T07:29:20.187,2021-06-15T07:29:20.190,29:20.2,07:29:20,0,700,0,#N/A,477.325,-1,0,0,0,0,0,0,0,0
limpid-josh,M2@bmm,8039,1280,32751,2,32751,2236,NULL,19841540,19841540,19841540,NULL,LIMIT,BUY,1,525,2021-06-15T07:29:22.382,2021-06-15T07:29:22.384,29:22.4,07:29:22,0,700,0,#N/A,479.52,1,0,0,0,0,0,0,0,0
limpid-josh,M2@bmm,8039,1280,32751,2,32751,2236,NULL,19841541,19841541,19841541,NULL,LIMIT,BUY,1,525,2021-06-15T07:29:23.071,2021-06-15T07:29:23.074,29:23.1,07:29:23,0,700,0,#N/A,480.209,1,0,0,0,0,0,0,0,0
limpid-josh,M2@bmm,8039,1280,32751,2,32751,2236,NULL,19841542,19841542,19841542,NULL,LIMIT,BUY,1,525,2021-06-15T07:29:23.709,2021-06-15T07:29:23.711,29:23.7,07:29:23,0,700,0,#N/A,480.847,1,0,0,0,0,0,0,0,0
limpid-josh,M6@bmm,8043,1280,32751,2,32751,2236,NULL,19841543,19841543,19841543,19841557,LIMIT,BUY,1,525,2021-06-15T07:29:27.259,2021-06-15T07:30:18.786,29:27.3,07:29:27,0,700,0,#N/A,484.397,1,0,0,0,0,0,0,0,0
limpid-josh,M6@bmm,8043,1280,32751,2,32751,2236,NULL,19841544,19841538,19841544,19841538,CANCEL,SELL,1,545,2021-06-15T07:29:34.542,2021-06-15T07:29:34.548,29:34.5,07:29:34,0,700,0,#N/A,491.68,-1,0,0,0,0,0,0,0,0
limpid-josh,M3@bmm,8040,1280,32751,2,32751,2236,NULL,19841545,19841545,19841545,19841558,LIMIT,BUY,1,520,2021-06-15T07:29:36.383,2021-06-15T07:30:19.985,29:36.4,07:29:36,0,700,0,#N/A,493.521,1,0,0,0,0,0,0,0,0
limpid-josh,M1@bmm,8038,1280,32751,2,32751,2236,NULL,19841546,19841513,19841546,19841513,CANCEL,BUY,1,525,2021-06-15T07:29:44.293,2021-06-15T07:29:44.299,29:44.3,07:29:44,0,700,0,#N/A,501.431,1,0,0,0,0,0,0,0,0
limpid-josh,M1@bmm,8038,1280,32751,2,32751,2236,NULL,19841547,19841512,19841547,19841512,CANCEL,BUY,1,525,2021-06-15T07:29:44.721,2021-06-15T07:29:44.727,29:44.7,07:29:44,0,700,0,#N/A,501.859,1,0,0,0,0,0,0,0,0
limpid-josh,M1@bmm,8038,1280,32751,2,32751,2236,NULL,19841548,19841548,19841548,19841550,LIMIT,BUY,1,530,2021-06-15T07:29:45.237,2021-06-15T07:29:49.954,29:45.2,07:29:45,0,700,0,#N/A,502.375,1,0,0,0,0,0,0,0,0
limpid-josh,M1@bmm,8038,1280,32751,2,32751,2236,NULL,19841549,19841549,19841549,19841553,LIMIT,BUY,1,530,2021-06-15T07:29:45.793,2021-06-15T07:29:57.779,29:45.8,07:29:45,0,700,0,#N/A,502.931,1,0,0,0,0,0,0,0,0
limpid-josh,M6@bmm,8043,1280,32751,2,32751,2236,NULL,19841550,19841550,19841550,19841548,LIMIT,SELL,1,530,2021-06-15T07:29:49.948,2021-06-15T07:29:49.954,29:49.9,07:29:49,1,700,530,-170,507.086,-1,0,0,0,0,0,1,0,0
limpid-josh,M3@bmm,8040,1280,32751,2,32751,2236,NULL,19841551,19841551,19841551,19841444,LIMIT,BUY,1,535,2021-06-15T07:29:53.878,2021-06-15T07:29:53.885,29:53.9,07:29:53,1,700,535,-165,511.016,1,0,0,1,0,0,0,0,0
limpid-josh,M3@bmm,8040,1280,32751,2,32751,2236,NULL,19841552,19841552,19841552,19841446,LIMIT,BUY,1,535,2021-06-15T07:29:54.116,2021-06-15T07:29:54.124,29:54.1,07:29:54,1,700,535,-165,511.254,1,0,0,1,0,0,0,0,0
limpid-josh,M6@bmm,8043,1280,32751,2,32751,2236,NULL,19841553,19841553,19841553,19841549,LIMIT,SELL,1,530,2021-06-15T07:29:57.772,2021-06-15T07:29:57.779,29:57.8,07:29:57,1,700,530,-170,514.91,-1,0,0,0,0,0,1,0,0
limpid-josh,M5@bmm,8042,1280,32751,2,32751,2236,NULL,19841554,19841554,19841554,19841573,LIMIT,BUY,1,530,2021-06-15T07:30:07.821,2021-06-15T07:31:09.043,30:07.8,07:30:07,0,700,0,#N/A,524.959,1,0,0,0,0,0,0,0,0
limpid-josh,M6@bmm,8043,1280,32751,2,32751,2236,NULL,19841555,19841555,19841555,19841577,LIMIT,SELL,1,550,2021-06-15T07:30:10.115,2021-06-15T07:31:31.519,30:10.1,07:30:10,0,700,0,#N/A,527.253,-1,0,0,0,0,0,0,0,0
limpid-josh,M6@bmm,8043,1280,32751,2,32751,2236,NULL,19841556,19841463,19841556,19841463,CANCEL,SELL,1,560,2021-06-15T07:30:16.521,2021-06-15T07:30:16.526,30:16.5,07:30:16,0,700,0,#N/A,533.659,-1,0,0,0,0,0,0,0,0
limpid-josh,M6@bmm,8043,1280,32751,2,32751,2236,NULL,19841557,19841543,19841557,19841543,CANCEL,BUY,1,525,2021-06-15T07:30:18.775,2021-06-15T07:30:18.786,30:18.8,07:30:18,0,700,0,#N/A,535.913,1,0,0,0,0,0,0,0,0
limpid-josh,M3@bmm,8040,1280,32751,2,32751,2236,NULL,19841558,19841545,19841558,19841545,CANCEL,BUY,1,520,2021-06-15T07:30:19.979,2021-06-15T07:30:19.984,30:20.0,07:30:19,0,700,0,#N/A,537.117,1,0,0,0,0,0,0,0,0
limpid-josh,M3@bmm,8040,1280,32751,2,32751,2236,NULL,19841559,19841524,19841559,19841524,CANCEL,BUY,1,525,2021-06-15T07:30:21.341,2021-06-15T07:30:21.347,30:21.3,07:30:21,0,700,0,#N/A,538.479,1,0,0,0,0,0,0,0,0
limpid-josh,M3@bmm,8040,1280,32751,2,32751,2236,NULL,19841560,19841524,19841560,19841560,CANCEL,BUY,1,525,2021-06-15T07:30:21.588,2021-06-15T07:30:21.594,30:21.6,07:30:21,0,700,0,#N/A,538.726,1,0,0,0,0,0,0,0,0
limpid-josh,M3@bmm,8040,1280,32751,2,32751,2236,NULL,19841561,19841520,19841561,19841520,CANCEL,BUY,1,525,2021-06-15T07:30:22.269,2021-06-15T07:30:22.274,30:22.3,07:30:22,0,700,0,#N/A,539.407,1,0,0,0,0,0,0,0,0
limpid-josh,M6@bmm,8043,1280,32751,2,32751,2236,NULL,19841562,19841562,19841562,NULL,LIMIT,BUY,1,530,2021-06-15T07:30:22.738,2021-06-15T07:30:22.741,30:22.7,07:30:22,0,700,0,#N/A,539.876,1,0,0,0,0,0,0,0,0
limpid-josh,M3@bmm,8040,1280,32751,2,32751,2236,NULL,19841563,19841503,19841563,19841503,CANCEL,BUY,1,520,2021-06-15T07:30:24.241,2021-06-15T07:30:24.247,30:24.2,07:30:24,0,700,0,#N/A,541.379,1,0,0,0,0,0,0,0,0
limpid-josh,M3@bmm,8040,1280,32751,2,32751,2236,NULL,19841564,19841489,19841564,19841489,CANCEL,BUY,1,520,2021-06-15T07:30:24.991,2021-06-15T07:30:24.997,30:25.0,07:30:24,0,700,0,#N/A,542.129,1,0,0,0,0,0,0,0,0
limpid-josh,M2@bmm,8039,1280,32751,2,32751,2236,NULL,19841565,19841565,19841565,NULL,LIMIT,BUY,1,530,2021-06-15T07:30:35.248,2021-06-15T07:30:35.251,30:35.2,07:30:35,0,700,0,#N/A,552.386,1,0,0,0,0,0,0,0,0
limpid-josh,M6@bmm,8043,1280,32751,2,32751,2236,NULL,19841566,19841566,19841566,19841570,LIMIT,BUY,1,530,2021-06-15T07:30:36.666,2021-06-15T07:30:43.103,30:36.7,07:30:36,0,700,0,#N/A,553.804,1,0,0,0,0,0,0,0,0
limpid-josh,M2@bmm,8039,1280,32751,2,32751,2236,NULL,19841567,19841567,19841567,NULL,LIMIT,BUY,1,530,2021-06-15T07:30:36.973,2021-06-15T07:30:36.976,30:37.0,07:30:36,0,700,0,#N/A,554.111,1,0,0,0,0,0,0,0,0
limpid-josh,M2@bmm,8039,1280,32751,2,32751,2236,NULL,19841568,19841568,19841568,NULL,LIMIT,BUY,1,530,2021-06-15T07:30:39.335,2021-06-15T07:30:39.338,30:39.3,07:30:39,0,700,0,#N/A,556.473,1,0,0,0,0,0,0,0,0
limpid-josh,M2@bmm,8039,1280,32751,2,32751,2236,NULL,19841569,19841569,19841569,NULL,LIMIT,BUY,1,530,2021-06-15T07:30:39.994,2021-06-15T07:30:39.997,30:40.0,07:30:39,0,700,0,#N/A,557.132,1,0,0,0,0,0,0,0,0
limpid-josh,M6@bmm,8043,1280,32751,2,32751,2236,NULL,19841570,19841566,19841570,19841566,CANCEL,BUY,1,530,2021-06-15T07:30:43.097,2021-06-15T07:30:43.103,30:43.1,07:30:43,0,700,0,#N/A,560.235,1,0,0,0,0,0,0,0,0
limpid-josh,M5@bmm,8042,1280,32751,2,32751,2236,NULL,19841571,19841431,19841571,19841431,CANCEL,SELL,1,540,2021-06-15T07:30:51.055,2021-06-15T07:30:51.061,30:51.1,07:30:51,0,700,0,#N/A,568.193,-1,0,0,0,0,0,0,0,0
limpid-josh,M5@bmm,8042,1280,32751,2,32751,2236,NULL,19841572,19841430,19841572,19841430,CANCEL,SELL,1,540,2021-06-15T07:31:05.554,2021-06-15T07:31:05.560,31:05.6,07:31:05,0,700,0,#N/A,582.692,-1,0,0,0,0,0,0,0,0
limpid-josh,M6@bmm,8043,1280,32751,2,32751,2236,NULL,19841573,19841573,19841573,19841554,LIMIT,SELL,1,530,2021-06-15T07:31:09.037,2021-06-15T07:31:09.042,31:09.0,07:31:09,1,700,530,-170,586.175,-1,0,0,0,0,0,1,0,0
limpid-josh,M6@bmm,8043,1280,32751,2,32751,2236,NULL,19841574,19841574,19841574,NULL,LIMIT,BUY,1,530,2021-06-15T07:31:16.445,2021-06-15T07:31:16.448,31:16.4,07:31:16,0,700,0,#N/A,593.583,1,0,0,0,0,0,0,0,0
limpid-josh,M6@bmm,8043,1280,32751,2,32751,2236,NULL,19841575,19841575,19841575,19841578,LIMIT,SELL,1,535,2021-06-15T07:31:22.276,2021-06-15T07:31:33.598,31:22.3,07:31:22,0,700,0,#N/A,599.414,-1,0,0,0,0,0,0,0,0
limpid-josh,M6@bmm,8043,1280,32751,2,32751,2236,NULL,19841576,19841576,19841576,NULL,LIMIT,SELL,1,545,2021-06-15T07:31:29.844,2021-06-15T07:31:29.847,31:29.8,07:31:29,0,700,0,#N/A,606.982,-1,0,0,0,0,0,0,0,0
limpid-josh,M6@bmm,8043,1280,32751,2,32751,2236,NULL,19841577,19841555,19841577,19841555,CANCEL,SELL,1,550,2021-06-15T07:31:31.513,2021-06-15T07:31:31.519,31:31.5,07:31:31,0,700,0,#N/A,608.651,-1,0,0,0,0,0,0,0,0
limpid-josh,M2@bmm,8039,1280,32751,2,32751,2236,NULL,19841578,19841578,19841578,19841575,LIMIT,BUY,1,535,2021-06-15T07:31:33.592,2021-06-15T07:31:33.598,31:33.6,07:31:33,1,700,535,-165,610.73,1,0,1,0,0,0,0,0,0
limpid-josh,M2@bmm,8039,1280,32752,3,32752,2236,NULL,19841579,19841579,19841579,19841708,LIMIT,BUY,1,325,2021-06-15T07:32:06.484,2021-06-15T07:34:11.848,32:06.5,07:32:06,0,650,0,#N/A,643.622,1,0,0,0,0,0,0,0,0
limpid-josh,M6@bmm,8043,1280,32752,3,32752,2236,NULL,19841580,19841580,19841580,19841665,LIMIT,BUY,1,495,2021-06-15T07:32:06.964,2021-06-15T07:33:10.687,32:07.0,07:32:06,0,650,0,#N/A,644.102,1,0,0,0,0,0,0,0,0
limpid-josh,M6@bmm,8043,1280,32752,3,32752,2236,NULL,19841581,19841581,19841581,19841583,LIMIT,BUY,1,495,2021-06-15T07:32:07.283,2021-06-15T07:32:10.437,32:07.3,07:32:07,0,650,0,#N/A,644.421,1,0,0,0,0,0,0,0,0
limpid-josh,M3@bmm,8040,1280,32752,3,32752,2236,NULL,19841582,19841582,19841582,19841704,LIMIT,BUY,1,490,2021-06-15T07:32:08.852,2021-06-15T07:34:08.005,32:08.9,07:32:08,0,650,0,#N/A,645.99,1,0,0,0,0,0,0,0,0
limpid-josh,M6@bmm,8043,1280,32752,3,32752,2236,NULL,19841583,19841581,19841583,19841581,CANCEL,BUY,1,495,2021-06-15T07:32:10.431,2021-06-15T07:32:10.436,32:10.4,07:32:10,0,650,0,#N/A,647.569,1,0,0,0,0,0,0,0,0
limpid-josh,M3@bmm,8040,1280,32752,3,32752,2236,NULL,19841584,19841584,19841584,19841703,LIMIT,BUY,1,490,2021-06-15T07:32:10.934,2021-06-15T07:34:05.399,32:10.9,07:32:10,0,650,0,#N/A,648.072,1,0,0,0,0,0,0,0,0
limpid-josh,M3@bmm,8040,1280,32752,3,32752,2236,NULL,19841585,19841585,19841585,19841699,LIMIT,BUY,1,490,2021-06-15T07:32:11.262,2021-06-15T07:34:02.384,32:11.3,07:32:11,0,650,0,#N/A,648.4,1,0,0,0,0,0,0,0,0
limpid-josh,M3@bmm,8040,1280,32752,3,32752,2236,NULL,19841586,19841586,19841586,19841696,LIMIT,BUY,1,490,2021-06-15T07:32:11.496,2021-06-15T07:33:59.736,32:11.5,07:32:11,0,650,0,#N/A,648.634,1,0,0,0,0,0,0,0,0
limpid-josh,M3@bmm,8040,1280,32752,3,32752,2236,NULL,19841587,19841587,19841587,19841692,LIMIT,BUY,1,490,2021-06-15T07:32:11.734,2021-06-15T07:33:56.806,32:11.7,07:32:11,0,650,0,#N/A,648.872,1,0,0,0,0,0,0,0,0
limpid-josh,M3@bmm,8040,1280,32752,3,32752,2236,NULL,19841588,19841588,19841588,19841690,LIMIT,BUY,1,490,2021-06-15T07:32:11.741,2021-06-15T07:33:54.271,32:11.7,07:32:11,0,650,0,#N/A,648.879,1,0,0,0,0,0,0,0,0
limpid-josh,M3@bmm,8040,1280,32752,3,32752,2236,NULL,19841589,19841589,19841589,19841653,LIMIT,BUY,1,490,2021-06-15T07:32:11.877,2021-06-15T07:33:00.285,32:11.9,07:32:11,0,650,0,#N/A,649.015,1,0,0,0,0,0,0,0,0
limpid-josh,M3@bmm,8040,1280,32752,3,32752,2236,NULL,19841590,19841590,19841590,19841649,LIMIT,BUY,1,490,2021-06-15T07:32:11.970,2021-06-15T07:32:58.060,32:12.0,07:32:11,0,650,0,#N/A,649.108,1,0,0,0,0,0,0,0,0
limpid-josh,M4@bmm,8041,1280,32752,3,32752,2236,NULL,19841591,19841591,19841591,NULL,LIMIT,BUY,1,340,2021-06-15T07:32:12.327,2021-06-15T07:32:12.330,32:12.3,07:32:12,0,650,0,#N/A,649.465,1,0,0,0,0,0,0,0,0
limpid-josh,M3@bmm,8040,1280,32752,3,32752,2236,NULL,19841592,19841592,19841592,19841644,LIMIT,BUY,1,490,2021-06-15T07:32:12.406,2021-06-15T07:32:56.054,32:12.4,07:32:12,0,650,0,#N/A,649.544,1,0,0,0,0,0,0,0,0
limpid-josh,M5@bmm,8042,1280,32752,3,32752,2236,NULL,19841593,19841593,19841593,NULL,LIMIT,BUY,1,500,2021-06-15T07:32:12.666,2021-06-15T07:32:12.669,32:12.7,07:32:12,0,650,0,#N/A,649.804,1,0,0,0,0,0,0,0,0
limpid-josh,M5@bmm,8042,1280,32752,3,32752,2236,NULL,19841594,19841594,19841594,NULL,LIMIT,BUY,1,500,2021-06-15T07:32:12.901,2021-06-15T07:32:12.904,32:12.9,07:32:12,0,650,0,#N/A,650.039,1,0,0,0,0,0,0,0,0
limpid-josh,M5@bmm,8042,1280,32752,3,32752,2236,NULL,19841595,19841595,19841595,NULL,LIMIT,BUY,1,500,2021-06-15T07:32:13.136,2021-06-15T07:32:13.139,32:13.1,07:32:13,0,650,0,#N/A,650.274,1,0,0,0,0,0,0,0,0
limpid-josh,M3@bmm,8040,1280,32752,3,32752,2236,NULL,19841596,19841596,19841596,19841641,LIMIT,BUY,1,490,2021-06-15T07:32:13.151,2021-06-15T07:32:54.399,32:13.2,07:32:13,0,650,0,#N/A,650.289,1,0,0,0,0,0,0,0,0
limpid-josh,M7@bmm,8044,1280,32752,3,32752,2236,NULL,19841597,19841597,19841597,19841721,LIMIT,BUY,1,495,2021-06-15T07:32:14.564,2021-06-15T07:34:41.729,32:14.6,07:32:14,0,650,0,#N/A,651.702,1,0,0,0,0,0,0,0,0
limpid-josh,M7@bmm,8044,1280,32752,3,32752,2236,NULL,19841598,19841598,19841598,19841620,LIMIT,BUY,1,495,2021-06-15T07:32:14.797,2021-06-15T07:32:33.905,32:14.8,07:32:14,0,650,0,#N/A,651.935,1,0,0,0,0,0,0,0,0
limpid-josh,M1@bmm,8038,1280,32752,3,32752,2236,NULL,19841599,19841599,19841599,19841608,LIMIT,BUY,1,520,2021-06-15T07:32:18.307,2021-06-15T07:32:28.073,32:18.3,07:32:18,0,650,0,#N/A,655.445,1,0,0,0,0,0,0,0,0
limpid-josh,M1@bmm,8038,1280,32752,3,32752,2236,NULL,19841600,19841600,19841600,19841654,LIMIT,BUY,1,520,2021-06-15T07:32:18.987,2021-06-15T07:33:00.386,32:19.0,07:32:18,0,650,0,#N/A,656.125,1,0,0,0,0,0,0,0,0
limpid-josh,M6@bmm,8043,1280,32752,3,32752,2236,NULL,19841601,19841601,19841601,19841605,LIMIT,SELL,1,525,2021-06-15T07:32:19.339,2021-06-15T07:32:24.268,32:19.3,07:32:19,0,650,0,#N/A,656.477,-1,0,0,0,0,0,0,0,0
limpid-josh,M1@bmm,8038,1280,32752,3,32752,2236,NULL,19841602,19841602,19841602,19841652,LIMIT,BUY,1,520,2021-06-15T07:32:19.658,2021-06-15T07:32:59.576,32:19.7,07:32:19,0,650,0,#N/A,656.796,1,0,0,0,0,0,0,0,0
limpid-josh,M1@bmm,8038,1280,32752,3,32752,2236,NULL,19841603,19841603,19841603,19841640,LIMIT,BUY,1,520,2021-06-15T07:32:20.275,2021-06-15T07:32:54.035,32:20.3,07:32:20,0,650,0,#N/A,657.413,1,0,0,0,0,0,0,0,0
limpid-josh,M1@bmm,8038,1280,32752,3,32752,2236,NULL,19841604,19841604,19841604,19841639,LIMIT,BUY,1,520,2021-06-15T07:32:20.939,2021-06-15T07:32:53.579,32:20.9,07:32:20,0,650,0,#N/A,658.077,1,0,0,0,0,0,0,0,0
limpid-josh,M1@bmm,8038,1280,32752,3,32752,2236,NULL,19841605,19841605,19841605,19841601,LIMIT,BUY,1,525,2021-06-15T07:32:24.261,2021-06-15T07:32:24.268,32:24.3,07:32:24,1,650,525,-125,661.399,1,1,0,0,0,0,0,0,0
limpid-josh,M5@bmm,8042,1280,32752,3,32752,2236,NULL,19841606,19841606,19841606,19841671,LIMIT,SELL,1,540,2021-06-15T07:32:24.783,2021-06-15T07:33:21.626,32:24.8,07:32:24,0,650,0,#N/A,661.921,-1,0,0,0,0,0,0,0,0
limpid-josh,M5@bmm,8042,1280,32752,3,32752,2236,NULL,19841607,19841607,19841607,19841672,LIMIT,SELL,1,540,2021-06-15T07:32:27.874,2021-06-15T07:33:22.883,32:27.9,07:32:27,0,650,0,#N/A,665.012,-1,0,0,0,0,0,0,0,0
limpid-josh,M6@bmm,8043,1280,32752,3,32752,2236,NULL,19841608,19841608,19841608,19841599,LIMIT,SELL,1,520,2021-06-15T07:32:28.066,2021-06-15T07:32:28.073,32:28.1,07:32:28,1,650,520,-130,665.204,-1,0,0,0,0,0,1,0,0
limpid-josh,M3@bmm,8040,1280,32752,3,32752,2236,NULL,19841609,19841609,19841609,NULL,LIMIT,SELL,1,650,2021-06-15T07:32:28.399,2021-06-15T07:32:28.402,32:28.4,07:32:28,0,650,0,#N/A,665.537,-1,0,0,0,0,0,0,0,0
limpid-josh,M3@bmm,8040,1280,32752,3,32752,2236,NULL,19841610,19841610,19841610,NULL,LIMIT,SELL,1,650,2021-06-15T07:32:28.566,2021-06-15T07:32:28.569,32:28.6,07:32:28,0,650,0,#N/A,665.704,-1,0,0,0,0,0,0,0,0
limpid-josh,M3@bmm,8040,1280,32752,3,32752,2236,NULL,19841611,19841611,19841611,19841765,LIMIT,SELL,1,650,2021-06-15T07:32:28.758,2021-06-15T07:35:58.842,32:28.8,07:32:28,0,650,0,#N/A,665.896,-1,0,0,0,0,0,0,0,0
limpid-josh,M5@bmm,8042,1280,32752,3,32752,2236,NULL,19841612,19841612,19841612,19841674,LIMIT,SELL,1,540,2021-06-15T07:32:28.839,2021-06-15T07:33:23.489,32:28.8,07:32:28,0,650,0,#N/A,665.977,-1,0,0,0,0,0,0,0,0
limpid-josh,M8@bmm,8045,1280,32752,3,32752,2236,NULL,19841613,19841613,19841613,19841638,LIMIT,BUY,2,515,2021-06-15T07:32:30.121,2021-06-15T07:32:52.616,32:30.1,07:32:30,0,650,0,#N/A,667.259,1,0,0,0,0,0,0,0,0
limpid-josh,M3@bmm,8040,1280,32752,3,32752,2236,NULL,19841614,19841614,19841614,19841764,LIMIT,SELL,1,650,2021-06-15T07:32:30.334,2021-06-15T07:35:58.144,32:30.3,07:32:30,0,650,0,#N/A,667.472,-1,0,0,0,0,0,0,0,0
limpid-josh,M3@bmm,8040,1280,32752,3,32752,2236,NULL,19841615,19841615,19841615,19841762,LIMIT,SELL,1,650,2021-06-15T07:32:30.499,2021-06-15T07:35:57.817,32:30.5,07:32:30,0,650,0,#N/A,667.637,-1,0,0,0,0,0,0,0,0
limpid-josh,M3@bmm,8040,1280,32752,3,32752,2236,NULL,19841616,19841616,19841616,19841760,LIMIT,SELL,1,650,2021-06-15T07:32:30.662,2021-06-15T07:35:57.456,32:30.7,07:32:30,0,650,0,#N/A,667.8,-1,0,0,0,0,0,0,0,0
limpid-josh,M3@bmm,8040,1280,32752,3,32752,2236,NULL,19841617,19841617,19841617,19841758,LIMIT,SELL,1,650,2021-06-15T07:32:30.821,2021-06-15T07:35:56.800,32:30.8,07:32:30,0,650,0,#N/A,667.959,-1,0,0,0,0,0,0,0,0
limpid-josh,M3@bmm,8040,1280,32752,3,32752,2236,NULL,19841618,19841618,19841618,19841755,LIMIT,SELL,1,650,2021-06-15T07:32:30.975,2021-06-15T07:35:55.912,32:31.0,07:32:30,0,650,0,#N/A,668.113,-1,0,0,0,0,0,0,0,0
limpid-josh,M3@bmm,8040,1280,32752,3,32752,2236,NULL,19841619,19841619,19841619,19841753,LIMIT,SELL,1,650,2021-06-15T07:32:31.094,2021-06-15T07:35:55.546,32:31.1,07:32:31,0,650,0,#N/A,668.232,-1,0,0,0,0,0,0,0,0
limpid-josh,M7@bmm,8044,1280,32752,3,32752,2236,NULL,19841620,19841598,19841620,19841598,CANCEL,BUY,1,495,2021-06-15T07:32:33.899,2021-06-15T07:32:33.905,32:33.9,07:32:33,0,650,0,#N/A,671.037,1,0,0,0,0,0,0,0,0
limpid-josh,M4@bmm,8041,1280,32752,3,32752,2236,NULL,19841621,19841621,19841621,NULL,LIMIT,BUY,1,365,2021-06-15T07:32:34.879,2021-06-15T07:32:34.882,32:34.9,07:32:34,0,650,0,#N/A,672.017,1,0,0,0,0,0,0,0,0
limpid-josh,M5@bmm,8042,1280,32752,3,32752,2236,NULL,19841622,19841622,19841622,19841683,LIMIT,SELL,1,545,2021-06-15T07:32:38.297,2021-06-15T07:33:41.341,32:38.3,07:32:38,0,650,0,#N/A,675.435,-1,0,0,0,0,0,0,0,0
limpid-josh,M5@bmm,8042,1280,32752,3,32752,2236,NULL,19841623,19841623,19841623,19841693,LIMIT,SELL,1,550,2021-06-15T07:32:39.631,2021-06-15T07:33:56.922,32:39.6,07:32:39,0,650,0,#N/A,676.769,-1,0,0,0,0,0,0,0,0
limpid-josh,M5@bmm,8042,1280,32752,3,32752,2236,NULL,19841624,19841624,19841624,19841635,LIMIT,SELL,1,535,2021-06-15T07:32:43.865,2021-06-15T07:32:50.384,32:43.9,07:32:43,0,650,0,#N/A,681.003,-1,0,0,0,0,0,0,0,0
limpid-josh,M1@bmm,8038,1280,32752,3,32752,2236,NULL,19841625,19841625,19841625,19841659,LIMIT,BUY,1,525,2021-06-15T07:32:44.700,2021-06-15T07:33:02.716,32:44.7,07:32:44,0,650,0,#N/A,681.838,1,0,0,0,0,0,0,0,0
limpid-josh,M3@bmm,8040,1280,32752,3,32752,2236,NULL,19841626,19841626,19841626,NULL,LIMIT,BUY,1,500,2021-06-15T07:32:45.246,2021-06-15T07:32:45.249,32:45.2,07:32:45,0,650,0,#N/A,682.384,1,0,0,0,0,0,0,0,0
limpid-josh,M1@bmm,8038,1280,32752,3,32752,2236,NULL,19841627,19841627,19841627,19841658,LIMIT,BUY,1,525,2021-06-15T07:32:45.825,2021-06-15T07:33:01.658,32:45.8,07:32:45,0,650,0,#N/A,682.963,1,0,0,0,0,0,0,0,0
limpid-josh,M6@bmm,8043,1280,32752,3,32752,2236,NULL,19841628,19841628,19841628,19841702,LIMIT,SELL,1,555,2021-06-15T07:32:45.915,2021-06-15T07:34:04.875,32:45.9,07:32:45,0,650,0,#N/A,683.053,-1,0,0,0,0,0,0,0,0
limpid-josh,M3@bmm,8040,1280,32752,3,32752,2236,NULL,19841629,19841629,19841629,19841747,LIMIT,BUY,1,500,2021-06-15T07:32:46.222,2021-06-15T07:35:37.834,32:46.2,07:32:46,0,650,0,#N/A,683.36,1,0,0,0,0,0,0,0,0
