account,email,owner,marketplace,session,period,market,target,order,original,supplier,consumer,type,side,units,price,createdDate,lastModifiedDate,16. just time,17. just second,,trade,fair value,trade price,mispricing,time mins,time secs,buy/sell
pert-josh,M4@bmm,4,288,6533,1,567,NULL,1246688,1246688,1246688,1246690,LIMIT,BUY,1,260,2018-08-24T04:10:52.007,2018-08-24T04:10:57.753,,04:10:52.007,04:10:52,0,750,#N/A,#N/A,00:00:00,0.00,1
pert-josh,M2@bmm,2,288,6533,1,567,NULL,1246689,1246689,1246689,0,LIMIT,SELL,1,5,2018-08-24T04:10:57.746,2018-08-24T04:10:57.753,,04:10:57.746,04:10:57,0,750,#N/A,#N/A,00:00:06,5.739,-1
pert-josh,M2@bmm,2,288,6533,1,567,NULL,1246690,1246689,1246689,1246688,LIMIT,SELL,1,260,2018-08-24T04:10:57.750,2018-08-24T04:10:57.753,,04:10:57.750,04:10:57,1,750,260,-490,00:00:06,5.743,-1
pert-josh,M8@bmm,8,288,6533,1,567,NULL,1246691,1246691,1246691,1246695,LIMIT,SELL,1,115,2018-08-24T04:11:02.288,2018-08-24T04:11:04.256,,04:11:02.288,04:11:02,0,750,#N/A,#N/A,00:00:10,10.281,-1
pert-josh,M1@bmm,1,288,6533,1,567,NULL,1246692,1246692,1246692,1246792,LIMIT,SELL,1,800,2018-08-24T04:11:03.027,2018-08-24T04:12:24.058,,04:11:03.027,04:11:03,0,750,#N/A,#N/A,00:00:11,11.020,-1
pert-josh,M7@bmm,7,288,6533,1,567,NULL,1246693,1246693,1246693,NULL,LIMIT,BUY,1,70,2018-08-24T04:11:03.254,2018-08-24T04:11:03.256,,04:11:03.254,04:11:03,0,750,#N/A,#N/A,00:00:11,11.247,1
pert-josh,M4@bmm,4,288,6533,1,567,NULL,1246694,1246694,1246694,0,LIMIT,BUY,1,255,2018-08-24T04:11:04.248,2018-08-24T04:11:04.256,,04:11:04.248,04:11:04,0,750,#N/A,#N/A,00:00:12,12.241,1
pert-josh,M4@bmm,4,288,6533,1,567,NULL,1246695,1246694,1246694,1246691,LIMIT,BUY,1,115,2018-08-24T04:11:04.253,2018-08-24T04:11:04.256,,04:11:04.253,04:11:04,1,750,115,-635,00:00:12,12.246,1
pert-josh,M5@bmm,5,288,6533,1,567,NULL,1246696,1246696,1246696,1246701,LIMIT,BUY,1,240,2018-08-24T04:11:04.284,2018-08-24T04:11:08.630,,04:11:04.284,04:11:04,0,750,#N/A,#N/A,00:00:12,12.277,1
pert-josh,M4@bmm,4,288,6533,1,567,NULL,1246697,1246697,1246697,1246699,LIMIT,BUY,1,255,2018-08-24T04:11:06.256,2018-08-24T04:11:08.434,,04:11:06.256,04:11:06,0,750,#N/A,#N/A,00:00:14,14.249,1
pert-josh,M2@bmm,2,288,6533,1,567,NULL,1246698,1246698,1246698,0,LIMIT,SELL,1,5,2018-08-24T04:11:08.426,2018-08-24T04:11:08.434,,04:11:08.426,04:11:08,0,750,#N/A,#N/A,00:00:16,16.419,-1
pert-josh,M2@bmm,2,288,6533,1,567,NULL,1246699,1246698,1246698,1246697,LIMIT,SELL,1,255,2018-08-24T04:11:08.431,2018-08-24T04:11:08.434,,04:11:08.431,04:11:08,1,750,255,-495,00:00:16,16.424,-1
pert-josh,M8@bmm,8,288,6533,1,567,NULL,1246700,1246700,1246700,0,LIMIT,SELL,1,140,2018-08-24T04:11:08.622,2018-08-24T04:11:08.630,,04:11:08.622,04:11:08,0,750,#N/A,#N/A,00:00:17,16.615,-1
pert-josh,M8@bmm,8,288,6533,1,567,NULL,1246701,1246700,1246700,1246696,LIMIT,SELL,1,240,2018-08-24T04:11:08.627,2018-08-24T04:11:08.630,,04:11:08.627,04:11:08,1,750,240,-510,00:00:17,16.620,-1
pert-josh,M4@bmm,4,288,6533,1,567,NULL,1246702,1246702,1246702,1246704,LIMIT,BUY,1,255,2018-08-24T04:11:09.633,2018-08-24T04:11:12.048,,04:11:09.633,04:11:09,0,750,#N/A,#N/A,00:00:18,17.626,1
pert-josh,M3@bmm,3,288,6533,1,567,NULL,1246703,1246703,1246703,0,LIMIT,SELL,1,50,2018-08-24T04:11:12.041,2018-08-24T04:11:12.048,,04:11:12.041,04:11:12,0,750,#N/A,#N/A,00:00:20,20.034,-1
pert-josh,M3@bmm,3,288,6533,1,567,NULL,1246704,1246703,1246703,1246702,LIMIT,SELL,1,255,2018-08-24T04:11:12.045,2018-08-24T04:11:12.048,,04:11:12.045,04:11:12,1,750,255,-495,00:00:20,20.038,-1
pert-josh,M8@bmm,8,288,6533,1,567,NULL,1246705,1246705,1246705,1246707,LIMIT,SELL,1,150,2018-08-24T04:11:12.896,2018-08-24T04:11:12.991,,04:11:12.896,04:11:12,0,750,#N/A,#N/A,00:00:21,20.889,-1
pert-josh,M4@bmm,4,288,6533,1,567,NULL,1246706,1246706,1246706,0,LIMIT,BUY,1,255,2018-08-24T04:11:12.984,2018-08-24T04:11:12.991,,04:11:12.984,04:11:12,0,750,#N/A,#N/A,00:00:21,20.977,1
pert-josh,M4@bmm,4,288,6533,1,567,NULL,1246707,1246706,1246706,1246705,LIMIT,BUY,1,150,2018-08-24T04:11:12.988,2018-08-24T04:11:12.991,,04:11:12.988,04:11:12,1,750,150,-600,00:00:21,20.981,1
pert-josh,M8@bmm,8,288,6533,1,567,NULL,1246708,1246708,1246708,1246710,LIMIT,SELL,1,165,2018-08-24T04:11:15.304,2018-08-24T04:11:15.439,,04:11:15.304,04:11:15,0,750,#N/A,#N/A,00:00:23,23.297,-1
pert-josh,M4@bmm,4,288,6533,1,567,NULL,1246709,1246709,1246709,0,LIMIT,BUY,1,255,2018-08-24T04:11:15.431,2018-08-24T04:11:15.438,,04:11:15.431,04:11:15,0,750,#N/A,#N/A,00:00:23,23.424,1
pert-josh,M4@bmm,4,288,6533,1,567,NULL,1246710,1246709,1246709,1246708,LIMIT,BUY,1,165,2018-08-24T04:11:15.435,2018-08-24T04:11:15.439,,04:11:15.435,04:11:15,1,750,165,-585,00:00:23,23.428,1
pert-josh,M4@bmm,4,288,6533,1,567,NULL,1246711,1246711,1246711,1246713,LIMIT,BUY,1,255,2018-08-24T04:11:16.720,2018-08-24T04:11:17.199,,04:11:16.720,04:11:16,0,750,#N/A,#N/A,00:00:25,24.713,1
pert-josh,M8@bmm,8,288,6533,1,567,NULL,1246712,1246712,1246712,0,LIMIT,SELL,1,160,2018-08-24T04:11:17.191,2018-08-24T04:11:17.199,,04:11:17.191,04:11:17,0,750,#N/A,#N/A,00:00:25,25.184,-1
pert-josh,M8@bmm,8,288,6533,1,567,NULL,1246713,1246712,1246712,1246711,LIMIT,SELL,1,255,2018-08-24T04:11:17.196,2018-08-24T04:11:17.199,,04:11:17.196,04:11:17,1,750,255,-495,00:00:25,25.189,-1
pert-josh,M7@bmm,7,288,6533,1,567,NULL,1246714,1246714,1246714,NULL,LIMIT,SELL,1,845,2018-08-24T04:11:17.208,2018-08-24T04:11:17.210,,04:11:17.208,04:11:17,0,750,#N/A,#N/A,00:00:25,25.201,-1
pert-josh,M4@bmm,4,288,6533,1,567,NULL,1246715,1246715,1246715,1246717,LIMIT,BUY,1,255,2018-08-24T04:11:18.375,2018-08-24T04:11:19.511,,04:11:18.375,04:11:18,0,750,#N/A,#N/A,00:00:26,26.368,1
pert-josh,M8@bmm,8,288,6533,1,567,NULL,1246716,1246716,1246716,0,LIMIT,SELL,1,170,2018-08-24T04:11:19.503,2018-08-24T04:11:19.510,,04:11:19.503,04:11:19,0,750,#N/A,#N/A,00:00:27,27.496,-1
pert-josh,M8@bmm,8,288,6533,1,567,NULL,1246717,1246716,1246716,1246715,LIMIT,SELL,1,255,2018-08-24T04:11:19.508,2018-08-24T04:11:19.511,,04:11:19.508,04:11:19,1,750,255,-495,00:00:28,27.501,-1
pert-josh,M4@bmm,4,288,6533,1,567,NULL,1246718,1246718,1246718,1246721,LIMIT,BUY,1,255,2018-08-24T04:11:20.393,2018-08-24T04:11:21.841,,04:11:20.393,04:11:20,0,750,#N/A,#N/A,00:00:28,28.386,1
pert-josh,M2@bmm,2,288,6533,1,567,NULL,1246719,1246719,1246719,1246866,LIMIT,BUY,1,105,2018-08-24T04:11:21.827,2018-08-24T04:14:11.845,,04:11:21.827,04:11:21,0,750,#N/A,#N/A,00:00:30,29.820,1
pert-josh,M8@bmm,8,288,6533,1,567,NULL,1246720,1246720,1246720,0,LIMIT,SELL,1,180,2018-08-24T04:11:21.832,2018-08-24T04:11:21.840,,04:11:21.832,04:11:21,0,750,#N/A,#N/A,00:00:30,29.825,-1
pert-josh,M8@bmm,8,288,6533,1,567,NULL,1246721,1246720,1246720,1246718,LIMIT,SELL,1,255,2018-08-24T04:11:21.837,2018-08-24T04:11:21.841,,04:11:21.837,04:11:21,1,750,255,-495,00:00:30,29.830,-1
pert-josh,M6@bmm,6,288,6533,1,567,NULL,1246722,1246722,1246722,1246855,LIMIT,SELL,1,845,2018-08-24T04:11:22.584,2018-08-24T04:14:01.036,,04:11:22.584,04:11:22,0,750,#N/A,#N/A,00:00:31,30.577,-1
pert-josh,M5@bmm,5,288,6533,1,567,NULL,1246723,1246723,1246723,1246778,LIMIT,SELL,1,315,2018-08-24T04:11:23.124,2018-08-24T04:12:09.434,,04:11:23.124,04:11:23,0,750,#N/A,#N/A,00:00:31,31.117,-1
pert-josh,M4@bmm,4,288,6533,1,567,NULL,1246724,1246724,1246724,1246728,LIMIT,BUY,1,255,2018-08-24T04:11:23.408,2018-08-24T04:11:28.747,,04:11:23.408,04:11:23,0,750,#N/A,#N/A,00:00:31,31.401,1
pert-josh,M7@bmm,7,288,6533,1,567,NULL,1246725,1246725,1246725,NULL,LIMIT,BUY,1,100,2018-08-24T04:11:27.065,2018-08-24T04:11:27.068,,04:11:27.065,04:11:27,0,750,#N/A,#N/A,00:00:35,35.058,1
pert-josh,M2@bmm,2,288,6533,1,567,NULL,1246727,1246727,1246727,0,LIMIT,SELL,1,65,2018-08-24T04:11:28.740,2018-08-24T04:11:28.747,,04:11:28.740,04:11:28,0,750,#N/A,#N/A,00:00:37,36.733,-1
pert-josh,M2@bmm,2,288,6533,1,567,NULL,1246728,1246727,1246727,1246724,LIMIT,SELL,1,255,2018-08-24T04:11:28.744,2018-08-24T04:11:28.747,,04:11:28.744,04:11:28,1,750,255,-495,00:00:37,36.737,-1
pert-josh,M8@bmm,8,288,6533,1,567,NULL,1246730,1246730,1246730,1246732,LIMIT,SELL,1,230,2018-08-24T04:11:29.448,2018-08-24T04:11:29.638,,04:11:29.448,04:11:29,0,750,#N/A,#N/A,00:00:37,37.441,-1
pert-josh,M4@bmm,4,288,6533,1,567,NULL,1246731,1246731,1246731,0,LIMIT,BUY,1,255,2018-08-24T04:11:29.631,2018-08-24T04:11:29.638,,04:11:29.631,04:11:29,0,750,#N/A,#N/A,00:00:38,37.624,1
pert-josh,M4@bmm,4,288,6533,1,567,NULL,1246732,1246731,1246731,1246730,LIMIT,BUY,1,230,2018-08-24T04:11:29.635,2018-08-24T04:11:29.638,,04:11:29.635,04:11:29,1,750,230,-520,00:00:38,37.628,1
pert-josh,M5@bmm,5,288,6533,1,567,NULL,1246733,1246733,1246733,1246735,LIMIT,BUY,1,215,2018-08-24T04:11:30.596,2018-08-24T04:11:30.955,,04:11:30.596,04:11:30,0,750,#N/A,#N/A,00:00:39,38.589,1
pert-josh,M2@bmm,2,288,6533,1,567,NULL,1246734,1246734,1246734,0,LIMIT,SELL,1,65,2018-08-24T04:11:30.947,2018-08-24T04:11:30.954,,04:11:30.947,04:11:30,0,750,#N/A,#N/A,00:00:39,38.940,-1
pert-josh,M2@bmm,2,288,6533,1,567,NULL,1246735,1246734,1246734,1246733,LIMIT,SELL,1,215,2018-08-24T04:11:30.952,2018-08-24T04:11:30.955,,04:11:30.952,04:11:30,1,750,215,-535,00:00:39,38.945,-1
pert-josh,M4@bmm,4,288,6533,1,567,NULL,1246736,1246736,1246736,1246738,LIMIT,BUY,1,255,2018-08-24T04:11:31.175,2018-08-24T04:11:33.530,,04:11:31.175,04:11:31,0,750,#N/A,#N/A,00:00:39,39.168,1
pert-josh,M2@bmm,2,288,6533,1,567,NULL,1246737,1246737,1246737,0,LIMIT,SELL,1,65,2018-08-24T04:11:33.523,2018-08-24T04:11:33.530,,04:11:33.523,04:11:33,0,750,#N/A,#N/A,00:00:42,41.516,-1
pert-josh,M2@bmm,2,288,6533,1,567,NULL,1246738,1246737,1246737,1246736,LIMIT,SELL,1,255,2018-08-24T04:11:33.527,2018-08-24T04:11:33.531,,04:11:33.527,04:11:33,1,750,255,-495,00:00:42,41.520,-1
pert-josh,M8@bmm,8,288,6533,1,567,NULL,1246740,1246740,1246740,1246774,LIMIT,SELL,1,265,2018-08-24T04:11:34.312,2018-08-24T04:11:58.041,,04:11:34.312,04:11:34,0,750,#N/A,#N/A,00:00:42,42.305,-1
pert-josh,M4@bmm,4,288,6533,1,567,NULL,1246741,1246741,1246741,1246744,LIMIT,BUY,1,255,2018-08-24T04:11:34.335,2018-08-24T04:11:38.067,,04:11:34.335,04:11:34,0,750,#N/A,#N/A,00:00:42,42.328,1
pert-josh,M5@bmm,5,288,6533,1,567,NULL,1246742,1246742,1246742,1246760,LIMIT,BUY,1,215,2018-08-24T04:11:35.036,2018-08-24T04:11:43.530,,04:11:35.036,04:11:35,0,750,#N/A,#N/A,00:00:43,43.029,1
pert-josh,M2@bmm,2,288,6533,1,567,NULL,1246743,1246743,1246743,0,LIMIT,SELL,1,35,2018-08-24T04:11:38.060,2018-08-24T04:11:38.067,,04:11:38.060,04:11:38,0,750,#N/A,#N/A,00:00:46,46.053,-1
pert-josh,M2@bmm,2,288,6533,1,567,NULL,1246744,1246743,1246743,1246741,LIMIT,SELL,1,255,2018-08-24T04:11:38.064,2018-08-24T04:11:38.068,,04:11:38.064,04:11:38,1,750,255,-495,00:00:46,46.057,-1
pert-josh,M4@bmm,4,288,6533,1,567,NULL,1246745,1246745,1246745,1246748,LIMIT,BUY,1,255,2018-08-24T04:11:38.273,2018-08-24T04:11:39.235,,04:11:38.273,04:11:38,0,750,#N/A,#N/A,00:00:46,46.266,1
pert-josh,M8@bmm,8,288,6533,1,567,NULL,1246746,1246746,1246746,1246775,LIMIT,SELL,1,275,2018-08-24T04:11:38.943,2018-08-24T04:12:01.494,,04:11:38.943,04:11:38,0,750,#N/A,#N/A,00:00:47,46.936,-1
pert-josh,M2@bmm,2,288,6533,1,567,NULL,1246747,1246747,1246747,0,LIMIT,SELL,1,35,2018-08-24T04:11:39.227,2018-08-24T04:11:39.234,,04:11:39.227,04:11:39,0,750,#N/A,#N/A,00:00:47,47.220,-1
pert-josh,M2@bmm,2,288,6533,1,567,NULL,1246748,1246747,1246747,1246745,LIMIT,SELL,1,255,2018-08-24T04:11:39.231,2018-08-24T04:11:39.235,,04:11:39.231,04:11:39,1,750,255,-495,00:00:47,47.224,-1
pert-josh,M4@bmm,4,288,6533,1,567,NULL,1246749,1246749,1246749,1246753,LIMIT,BUY,1,255,2018-08-24T04:11:39.977,2018-08-24T04:11:41.411,,04:11:39.977,04:11:39,0,750,#N/A,#N/A,00:00:48,47.970,1
pert-josh,M1@bmm,1,288,6533,1,567,NULL,1246750,1246750,1246750,1246766,LIMIT,BUY,1,40,2018-08-24T04:11:40.953,2018-08-24T04:11:49.016,,04:11:40.953,04:11:40,0,750,#N/A,#N/A,00:00:49,48.946,1
pert-josh,M2@bmm,2,288,6533,1,567,NULL,1246752,1246752,1246752,0,LIMIT,SELL,1,35,2018-08-24T04:11:41.403,2018-08-24T04:11:41.411,,04:11:41.403,04:11:41,0,750,#N/A,#N/A,00:00:49,49.396,-1
pert-josh,M2@bmm,2,288,6533,1,567,NULL,1246753,1246752,1246752,1246749,LIMIT,SELL,1,255,2018-08-24T04:11:41.408,2018-08-24T04:11:41.412,,04:11:41.408,04:11:41,1,750,255,-495,00:00:49,49.401,-1
pert-josh,M4@bmm,4,288,6533,1,567,NULL,1246754,1246754,1246754,1246756,LIMIT,BUY,1,255,2018-08-24T04:11:42.294,2018-08-24T04:11:43.139,,04:11:42.294,04:11:42,0,750,#N/A,#N/A,00:00:50,50.287,1
pert-josh,M2@bmm,2,288,6533,1,567,NULL,1246755,1246755,1246755,0,LIMIT,SELL,1,35,2018-08-24T04:11:43.132,2018-08-24T04:11:43.139,,04:11:43.132,04:11:43,0,750,#N/A,#N/A,00:00:51,51.125,-1
pert-josh,M2@bmm,2,288,6533,1,567,NULL,1246756,1246755,1246755,1246754,LIMIT,SELL,1,255,2018-08-24T04:11:43.136,2018-08-24T04:11:43.139,,04:11:43.136,04:11:43,1,750,255,-495,00:00:51,51.129,-1
pert-josh,M8@bmm,8,288,6533,1,567,NULL,1246758,1246758,1246758,1246767,LIMIT,SELL,1,260,2018-08-24T04:11:43.513,2018-08-24T04:11:50.398,,04:11:43.513,04:11:43,0,750,#N/A,#N/A,00:00:52,51.506,-1
pert-josh,M3@bmm,3,288,6533,1,567,NULL,1246759,1246759,1246759,0,LIMIT,SELL,1,80,2018-08-24T04:11:43.524,2018-08-24T04:11:43.530,,04:11:43.524,04:11:43,0,750,#N/A,#N/A,00:00:52,51.517,-1
pert-josh,M3@bmm,3,288,6533,1,567,NULL,1246760,1246759,1246759,1246742,LIMIT,SELL,1,215,2018-08-24T04:11:43.528,2018-08-24T04:11:43.531,,04:11:43.528,04:11:43,1,750,215,-535,00:00:52,51.521,-1
pert-josh,M7@bmm,7,288,6533,1,567,NULL,1246761,1246761,1246761,1246814,LIMIT,SELL,1,680,2018-08-24T04:11:43.568,2018-08-24T04:13:03.713,,04:11:43.568,04:11:43,0,750,#N/A,#N/A,00:00:52,51.561,-1
pert-josh,M4@bmm,4,288,6533,1,567,NULL,1246762,1246762,1246762,1246764,LIMIT,BUY,1,255,2018-08-24T04:11:44.256,2018-08-24T04:11:47.143,,04:11:44.256,04:11:44,0,750,#N/A,#N/A,00:00:52,52.249,1
pert-josh,M8@bmm,8,288,6533,1,567,NULL,1246763,1246763,1246763,0,LIMIT,SELL,1,250,2018-08-24T04:11:47.136,2018-08-24T04:11:47.143,,04:11:47.136,04:11:47,0,750,#N/A,#N/A,00:00:55,55.129,-1
pert-josh,M8@bmm,8,288,6533,1,567,NULL,1246764,1246763,1246763,1246762,LIMIT,SELL,1,255,2018-08-24T04:11:47.140,2018-08-24T04:11:47.144,,04:11:47.140,04:11:47,1,750,255,-495,00:00:55,55.133,-1
pert-josh,M4@bmm,4,288,6533,1,567,NULL,1246765,1246765,1246765,1246769,LIMIT,BUY,1,255,2018-08-24T04:11:47.879,2018-08-24T04:11:50.843,,04:11:47.879,04:11:47,0,750,#N/A,#N/A,00:00:56,55.872,1
pert-josh,M1@bmm,1,288,6533,1,567,NULL,1246766,1246750,1246750,1246750,CANCEL,BUY,1,40,2018-08-24T04:11:49.012,2018-08-24T04:11:49.016,,04:11:49.012,04:11:49,0,750,#N/A,#N/A,00:00:57,57.005,1
pert-josh,M6@bmm,6,288,6533,1,567,NULL,1246767,1246767,1246767,1246758,LIMIT,BUY,1,260,2018-08-24T04:11:50.393,2018-08-24T04:11:50.398,,04:11:50.393,04:11:50,1,750,260,-490,00:00:58,58.386,1
pert-josh,M3@bmm,3,288,6533,1,567,NULL,1246768,1246768,1246768,0,LIMIT,SELL,1,80,2018-08-24T04:11:50.836,2018-08-24T04:11:50.843,,04:11:50.836,04:11:50,0,750,#N/A,#N/A,00:00:59,58.829,-1
pert-josh,M3@bmm,3,288,6533,1,567,NULL,1246769,1246768,1246768,1246765,LIMIT,SELL,1,255,2018-08-24T04:11:50.840,2018-08-24T04:11:50.844,,04:11:50.840,04:11:50,1,750,255,-495,00:00:59,58.833,-1
pert-josh,M5@bmm,5,288,6533,1,567,NULL,1246770,1246770,1246770,1246771,LIMIT,SELL,1,255,2018-08-24T04:11:51.219,2018-08-24T04:11:52.078,,04:11:51.219,04:11:51,0,750,#N/A,#N/A,00:00:59,59.212,-1
pert-josh,M4@bmm,4,288,6533,1,567,NULL,1246771,1246771,1246771,1246770,LIMIT,BUY,1,255,2018-08-24T04:11:52.072,2018-08-24T04:11:52.078,,04:11:52.072,04:11:52,1,750,255,-495,00:01:00,60.065,1
pert-josh,M7@bmm,7,288,6533,1,567,NULL,1246772,1246772,1246772,NULL,LIMIT,BUY,1,80,2018-08-24T04:11:53.335,2018-08-24T04:11:53.337,,04:11:53.335,04:11:53,0,750,#N/A,#N/A,00:01:01,61.328,1
pert-josh,M4@bmm,4,288,6533,1,567,NULL,1246773,1246773,1246773,1246781,LIMIT,BUY,1,255,2018-08-24T04:11:54.687,2018-08-24T04:12:16.325,,04:11:54.687,04:11:54,0,750,#N/A,#N/A,00:01:03,62.680,1
pert-josh,M6@bmm,6,288,6533,1,567,NULL,1246774,1246774,1246774,1246740,LIMIT,BUY,1,265,2018-08-24T04:11:58.036,2018-08-24T04:11:58.040,,04:11:58.036,04:11:58,1,750,265,-485,00:01:06,66.029,1
pert-josh,M1@bmm,1,288,6533,1,567,NULL,1246775,1246775,1246775,1246746,LIMIT,BUY,1,275,2018-08-24T04:12:01.485,2018-08-24T04:12:01.493,,04:12:01.485,04:12:01,1,750,275,-475,00:01:09,69.478,1
pert-josh,M7@bmm,7,288,6533,1,567,NULL,1246776,1246776,1246776,NULL,LIMIT,SELL,1,790,2018-08-24T04:12:03.688,2018-08-24T04:12:03.690,,04:12:03.688,04:12:03,0,750,#N/A,#N/A,00:01:12,71.681,-1
pert-josh,M5@bmm,5,288,6533,1,567,NULL,1246777,1246777,1246777,1246882,LIMIT,BUY,1,250,2018-08-24T04:12:08.965,2018-08-24T04:14:38.311,,04:12:08.965,04:12:08,0,750,#N/A,#N/A,00:01:17,76.958,1
pert-josh,M2@bmm,2,288,6533,1,567,NULL,1246778,1246778,1246778,1246723,LIMIT,BUY,1,315,2018-08-24T04:12:09.429,2018-08-24T04:12:09.434,,04:12:09.429,04:12:09,1,750,315,-435,00:01:17,77.422,1
pert-josh,M7@bmm,7,288,6533,1,567,NULL,1246779,1246779,1246779,NULL,LIMIT,BUY,1,210,2018-08-24T04:12:16.257,2018-08-24T04:12:16.260,,04:12:16.257,04:12:16,0,750,#N/A,#N/A,00:01:24,84.250,1
pert-josh,M2@bmm,2,288,6533,1,567,NULL,1246780,1246780,1246780,0,LIMIT,SELL,1,20,2018-08-24T04:12:16.318,2018-08-24T04:12:16.325,,04:12:16.318,04:12:16,0,750,#N/A,#N/A,00:01:24,84.311,-1
pert-josh,M2@bmm,2,288,6533,1,567,NULL,1246781,1246780,1246780,1246773,LIMIT,SELL,1,255,2018-08-24T04:12:16.322,2018-08-24T04:12:16.325,,04:12:16.322,04:12:16,1,750,255,-495,00:01:24,84.315,-1
pert-josh,M4@bmm,4,288,6533,1,567,NULL,1246782,1246782,1246782,1246787,LIMIT,BUY,1,255,2018-08-24T04:12:17.143,2018-08-24T04:12:20.059,,04:12:17.143,04:12:17,0,750,#N/A,#N/A,00:01:25,85.136,1
pert-josh,M8@bmm,8,288,6533,1,567,NULL,1246783,1246783,1246783,1246785,LIMIT,BUY,1,275,2018-08-24T04:12:17.953,2018-08-24T04:12:18.290,,04:12:17.953,04:12:17,0,750,#N/A,#N/A,00:01:26,85.946,1
pert-josh,M2@bmm,2,288,6533,1,567,NULL,1246784,1246784,1246784,0,LIMIT,SELL,1,20,2018-08-24T04:12:18.282,2018-08-24T04:12:18.290,,04:12:18.282,04:12:18,0,750,#N/A,#N/A,00:01:26,86.275,-1
pert-josh,M2@bmm,2,288,6533,1,567,NULL,1246785,1246784,1246784,1246783,LIMIT,SELL,1,275,2018-08-24T04:12:18.287,2018-08-24T04:12:18.290,,04:12:18.287,04:12:18,1,750,275,-475,00:01:26,86.280,-1
pert-josh,M2@bmm,2,288,6533,1,567,NULL,1246786,1246786,1246786,0,LIMIT,SELL,1,20,2018-08-24T04:12:20.052,2018-08-24T04:12:20.058,,04:12:20.052,04:12:20,0,750,#N/A,#N/A,00:01:28,88.045,-1
pert-josh,M2@bmm,2,288,6533,1,567,NULL,1246787,1246786,1246786,1246782,LIMIT,SELL,1,255,2018-08-24T04:12:20.056,2018-08-24T04:12:20.059,,04:12:20.056,04:12:20,1,750,255,-495,00:01:28,88.049,-1
pert-josh,M4@bmm,4,288,6533,1,567,NULL,1246788,1246788,1246788,1246790,LIMIT,BUY,1,255,2018-08-24T04:12:20.994,2018-08-24T04:12:21.219,,04:12:20.994,04:12:20,0,750,#N/A,#N/A,00:01:29,88.987,1
pert-josh,M2@bmm,2,288,6533,1,567,NULL,1246789,1246789,1246789,0,LIMIT,SELL,1,20,2018-08-24T04:12:21.212,2018-08-24T04:12:21.219,,04:12:21.212,04:12:21,0,750,#N/A,#N/A,00:01:29,89.205,-1
pert-josh,M2@bmm,2,288,6533,1,567,NULL,1246790,1246789,1246789,1246788,LIMIT,SELL,1,255,2018-08-24T04:12:21.216,2018-08-24T04:12:21.219,,04:12:21.216,04:12:21,1,750,255,-495,00:01:29,89.209,-1
pert-josh,M4@bmm,4,288,6533,1,567,NULL,1246791,1246791,1246791,1246813,LIMIT,BUY,1,255,2018-08-24T04:12:22.177,2018-08-24T04:13:02.011,,04:12:22.177,04:12:22,0,750,#N/A,#N/A,00:01:30,90.170,1
pert-josh,M1@bmm,1,288,6533,1,567,NULL,1246792,1246692,1246692,1246692,CANCEL,SELL,1,800,2018-08-24T04:12:24.054,2018-08-24T04:12:24.058,,04:12:24.054,04:12:24,0,750,#N/A,#N/A,00:01:32,92.047,-1
pert-josh,M8@bmm,8,288,6533,1,567,NULL,1246793,1246793,1246793,1246795,LIMIT,BUY,1,320,2018-08-24T04:12:25.961,2018-08-24T04:12:27.303,,04:12:25.961,04:12:25,0,750,#N/A,#N/A,00:01:34,93.954,1
pert-josh,M3@bmm,3,288,6533,1,567,NULL,1246794,1246794,1246794,0,LIMIT,SELL,1,105,2018-08-24T04:12:27.295,2018-08-24T04:12:27.303,,04:12:27.295,04:12:27,0,750,#N/A,#N/A,00:01:35,95.288,-1
pert-josh,M3@bmm,3,288,6533,1,567,NULL,1246795,1246794,1246794,1246793,LIMIT,SELL,1,320,2018-08-24T04:12:27.300,2018-08-24T04:12:27.303,,04:12:27.300,04:12:27,1,750,320,-430,00:01:35,95.293,-1
pert-josh,M4@bmm,4,288,6533,1,567,NULL,1246796,1246796,1246796,1246807,LIMIT,BUY,1,255,2018-08-24T04:12:28.359,2018-08-24T04:12:46.073,,04:12:28.359,04:12:28,0,750,#N/A,#N/A,00:01:36,96.352,1
pert-josh,M6@bmm,6,288,6533,1,567,NULL,1246797,1246797,1246797,1246806,LIMIT,SELL,1,500,2018-08-24T04:12:28.874,2018-08-24T04:12:42.593,,04:12:28.874,04:12:28,0,750,#N/A,#N/A,00:01:37,96.867,-1
pert-josh,M4@bmm,4,288,6533,1,567,NULL,1246798,1246798,1246798,1246801,LIMIT,BUY,1,255,2018-08-24T04:12:29.343,2018-08-24T04:12:31.794,,04:12:29.343,04:12:29,0,750,#N/A,#N/A,00:01:37,97.336,1
pert-josh,M4@bmm,4,288,6533,1,567,NULL,1246799,1246799,1246799,1246800,LIMIT,BUY,1,255,2018-08-24T04:12:29.575,2018-08-24T04:12:30.911,,04:12:29.575,04:12:29,0,750,#N/A,#N/A,00:01:38,97.568,1
pert-josh,M4@bmm,4,288,6533,1,567,NULL,1246800,1246799,1246799,1246799,CANCEL,BUY,1,255,2018-08-24T04:12:30.906,2018-08-24T04:12:30.910,,04:12:30.906,04:12:30,0,750,#N/A,#N/A,00:01:39,98.899,1
pert-josh,M4@bmm,4,288,6533,1,567,NULL,1246801,1246798,1246798,1246798,CANCEL,BUY,1,255,2018-08-24T04:12:31.789,2018-08-24T04:12:31.794,,04:12:31.789,04:12:31,0,750,#N/A,#N/A,00:01:40,99.782,1
pert-josh,M8@bmm,8,288,6533,1,567,NULL,1246802,1246802,1246802,1246805,LIMIT,BUY,1,335,2018-08-24T04:12:38.466,2018-08-24T04:12:40.270,,04:12:38.466,04:12:38,0,750,#N/A,#N/A,00:01:46,106.459,1
pert-josh,M7@bmm,7,288,6533,1,567,NULL,1246803,1246803,1246803,NULL,LIMIT,SELL,1,725,2018-08-24T04:12:38.768,2018-08-24T04:12:38.771,,04:12:38.768,04:12:38,0,750,#N/A,#N/A,00:01:47,106.761,-1
pert-josh,M3@bmm,3,288,6533,1,567,NULL,1246804,1246804,1246804,0,LIMIT,SELL,1,50,2018-08-24T04:12:40.261,2018-08-24T04:12:40.270,,04:12:40.261,04:12:40,0,750,#N/A,#N/A,00:01:48,108.254,-1
pert-josh,M3@bmm,3,288,6533,1,567,NULL,1246805,1246804,1246804,1246802,LIMIT,SELL,1,335,2018-08-24T04:12:40.267,2018-08-24T04:12:40.270,,04:12:40.267,04:12:40,1,750,335,-415,00:01:48,108.260,-1
pert-josh,M2@bmm,2,288,6533,1,567,NULL,1246806,1246806,1246806,1246797,LIMIT,BUY,1,500,2018-08-24T04:12:42.588,2018-08-24T04:12:42.593,,04:12:42.588,04:12:42,1,750,500,-250,00:01:51,110.581,1
pert-josh,M4@bmm,4,288,6533,1,567,NULL,1246807,1246796,1246796,1246796,CANCEL,BUY,1,255,2018-08-24T04:12:46.069,2018-08-24T04:12:46.073,,04:12:46.069,04:12:46,0,750,#N/A,#N/A,00:01:54,114.062,1
pert-josh,M6@bmm,6,288,6533,1,567,NULL,1246808,1246808,1246808,1246812,LIMIT,SELL,1,635,2018-08-24T04:12:50.452,2018-08-24T04:13:00.350,,04:12:50.452,04:12:50,0,750,#N/A,#N/A,00:01:58,118.445,-1
pert-josh,M8@bmm,8,288,6533,1,567,NULL,1246809,1246809,1246809,1246820,LIMIT,BUY,1,325,2018-08-24T04:12:55.425,2018-08-24T04:13:11.883,,04:12:55.425,04:12:55,0,750,#N/A,#N/A,00:02:03,123.418,1
pert-josh,M6@bmm,6,288,6533,1,567,NULL,1246810,1246810,1246810,1246911,LIMIT,BUY,1,70,2018-08-24T04:12:59.539,2018-08-24T04:15:24.892,,04:12:59.539,04:12:59,0,750,#N/A,#N/A,00:02:08,127.532,1
pert-josh,M4@bmm,4,288,6533,1,567,NULL,1246811,1246811,1246811,1246824,LIMIT,BUY,1,280,2018-08-24T04:12:59.633,2018-08-24T04:13:18.262,,04:12:59.633,04:12:59,0,750,#N/A,#N/A,00:02:08,127.626,1
pert-josh,M1@bmm,1,288,6533,1,567,NULL,1246812,1246812,1246812,1246808,LIMIT,BUY,1,635,2018-08-24T04:13:00.345,2018-08-24T04:13:00.350,,04:13:00.345,04:13:00,1,750,635,-115,00:02:08,128.338,1
pert-josh,M4@bmm,4,288,6533,1,567,NULL,1246813,1246791,1246791,1246791,CANCEL,BUY,1,255,2018-08-24T04:13:02.007,2018-08-24T04:13:02.011,,04:13:02.007,04:13:02,0,750,#N/A,#N/A,00:02:10,130.000,1
pert-josh,M2@bmm,2,288,6533,1,567,NULL,1246814,1246814,1246814,1246761,LIMIT,BUY,1,680,2018-08-24T04:13:03.707,2018-08-24T04:13:03.713,,04:13:03.707,04:13:03,1,750,680,-70,00:02:12,131.700,1
pert-josh,M7@bmm,7,288,6533,1,567,NULL,1246815,1246815,1246815,NULL,LIMIT,BUY,1,75,2018-08-24T04:13:04.087,2018-08-24T04:13:04.089,,04:13:04.087,04:13:04,0,750,#N/A,#N/A,00:02:12,132.080,1
pert-josh,M6@bmm,6,288,6533,1,567,NULL,1246816,1246816,1246816,1246831,LIMIT,BUY,1,75,2018-08-24T04:13:10.188,2018-08-24T04:13:23.171,,04:13:10.188,04:13:10,0,750,#N/A,#N/A,00:02:18,138.181,1
pert-josh,M5@bmm,5,288,6533,1,567,NULL,1246817,1246817,1246817,1246827,LIMIT,SELL,1,400,2018-08-24T04:13:10.611,2018-08-24T04:13:19.559,,04:13:10.611,04:13:10,0,750,#N/A,#N/A,00:02:19,138.604,-1
pert-josh,M8@bmm,8,288,6533,1,567,NULL,1246818,1246818,1246818,1246839,LIMIT,BUY,1,290,2018-08-24T04:13:11.361,2018-08-24T04:13:38.989,,04:13:11.361,04:13:11,0,750,#N/A,#N/A,00:02:19,139.354,1
pert-josh,M2@bmm,2,288,6533,1,567,NULL,1246819,1246819,1246819,0,LIMIT,SELL,1,50,2018-08-24T04:13:11.875,2018-08-24T04:13:11.882,,04:13:11.875,04:13:11,0,750,#N/A,#N/A,00:02:20,139.868,-1
pert-josh,M2@bmm,2,288,6533,1,567,NULL,1246820,1246819,1246819,1246809,LIMIT,SELL,1,325,2018-08-24T04:13:11.880,2018-08-24T04:13:11.883,,04:13:11.880,04:13:11,1,750,325,-425,00:02:20,139.873,-1
pert-josh,M4@bmm,4,288,6533,1,567,NULL,1246821,1246821,1246821,1246823,LIMIT,BUY,1,300,2018-08-24T04:13:14.641,2018-08-24T04:13:14.656,,04:13:14.641,04:13:14,0,750,#N/A,#N/A,00:02:23,142.634,1
pert-josh,M2@bmm,2,288,6533,1,567,NULL,1246822,1246822,1246822,0,LIMIT,SELL,1,50,2018-08-24T04:13:14.647,2018-08-24T04:13:14.655,,04:13:14.647,04:13:14,0,750,#N/A,#N/A,00:02:23,142.640,-1
pert-josh,M2@bmm,2,288,6533,1,567,NULL,1246823,1246822,1246822,1246821,LIMIT,SELL,1,300,2018-08-24T04:13:14.653,2018-08-24T04:13:14.656,,04:13:14.653,04:13:14,1,750,300,-450,00:02:23,142.646,-1
pert-josh,M4@bmm,4,288,6533,1,567,NULL,1246824,1246811,1246811,1246811,CANCEL,BUY,1,280,2018-08-24T04:13:18.258,2018-08-24T04:13:18.262,,04:13:18.258,04:13:18,0,750,#N/A,#N/A,00:02:26,146.251,1
pert-josh,M4@bmm,4,288,6533,1,567,NULL,1246825,1246825,1246825,1246829,LIMIT,BUY,1,300,2018-08-24T04:13:19.041,2018-08-24T04:13:20.517,,04:13:19.041,04:13:19,0,750,#N/A,#N/A,00:02:27,147.034,1
pert-josh,M7@bmm,7,288,6533,1,567,NULL,1246826,1246826,1246826,NULL,LIMIT,SELL,1,710,2018-08-24T04:13:19.255,2018-08-24T04:13:19.257,,04:13:19.255,04:13:19,0,750,#N/A,#N/A,00:02:27,147.248,-1
pert-josh,M1@bmm,1,288,6533,1,567,NULL,1246827,1246827,1246827,1246817,LIMIT,BUY,1,400,2018-08-24T04:13:19.553,2018-08-24T04:13:19.559,,04:13:19.553,04:13:19,1,750,400,-350,00:02:28,147.546,1
pert-josh,M3@bmm,3,288,6533,1,567,NULL,1246828,1246828,1246828,0,LIMIT,SELL,1,50,2018-08-24T04:13:20.510,2018-08-24T04:13:20.517,,04:13:20.510,04:13:20,0,750,#N/A,#N/A,00:02:29,148.503,-1
pert-josh,M3@bmm,3,288,6533,1,567,NULL,1246829,1246828,1246828,1246825,LIMIT,SELL,1,300,2018-08-24T04:13:20.514,2018-08-24T04:13:20.517,,04:13:20.514,04:13:20,1,750,300,-450,00:02:29,148.507,-1
pert-josh,M4@bmm,4,288,6533,1,567,NULL,1246830,1246830,1246830,1246850,LIMIT,BUY,1,300,2018-08-24T04:13:21.849,2018-08-24T04:13:49.578,,04:13:21.849,04:13:21,0,750,#N/A,#N/A,00:02:30,149.842,1
pert-josh,M6@bmm,6,288,6533,1,567,NULL,1246831,1246816,1246816,1246816,CANCEL,BUY,1,75,2018-08-24T04:13:23.167,2018-08-24T04:13:23.171,,04:13:23.167,04:13:23,0,750,#N/A,#N/A,00:02:31,151.160,1
pert-josh,M8@bmm,8,288,6533,1,567,NULL,1246832,1246832,1246832,1246840,LIMIT,BUY,1,280,2018-08-24T04:13:23.521,2018-08-24T04:13:40.858,,04:13:23.521,04:13:23,0,750,#N/A,#N/A,00:02:32,151.514,1
pert-josh,M5@bmm,5,288,6533,1,567,NULL,1246833,1246833,1246833,1246884,LIMIT,BUY,1,305,2018-08-24T04:13:30.902,2018-08-24T04:14:42.808,,04:13:30.902,04:13:30,0,750,#N/A,#N/A,00:02:39,158.895,1
pert-josh,M8@bmm,8,288,6533,1,567,NULL,1246834,1246834,1246834,1246842,LIMIT,BUY,1,265,2018-08-24T04:13:31.874,2018-08-24T04:13:42.138,,04:13:31.874,04:13:31,0,750,#N/A,#N/A,00:02:40,159.867,1
pert-josh,M7@bmm,7,288,6533,1,567,NULL,1246836,1246836,1246836,NULL,LIMIT,BUY,1,175,2018-08-24T04:13:36.904,2018-08-24T04:13:36.906,,04:13:36.904,04:13:36,0,750,#N/A,#N/A,00:02:45,164.897,1
pert-josh,M6@bmm,6,288,6533,1,567,NULL,1246837,1246837,1246837,1246886,LIMIT,SELL,1,705,2018-08-24T04:13:37.570,2018-08-24T04:14:47.236,,04:13:37.570,04:13:37,0,750,#N/A,#N/A,00:02:46,165.563,-1
pert-josh,M8@bmm,8,288,6533,1,567,NULL,1246839,1246818,1246818,1246818,CANCEL,BUY,1,290,2018-08-24T04:13:38.985,2018-08-24T04:13:38.989,,04:13:38.985,04:13:38,0,750,#N/A,#N/A,00:02:47,166.978,1
pert-josh,M8@bmm,8,288,6533,1,567,NULL,1246840,1246832,1246832,1246832,CANCEL,BUY,1,280,2018-08-24T04:13:40.853,2018-08-24T04:13:40.857,,04:13:40.853,04:13:40,0,750,#N/A,#N/A,00:02:49,168.846,1
pert-josh,M8@bmm,8,288,6533,1,567,NULL,1246842,1246834,1246834,1246834,CANCEL,BUY,1,265,2018-08-24T04:13:42.134,2018-08-24T04:13:42.138,,04:13:42.134,04:13:42,0,750,#N/A,#N/A,00:02:50,170.127,1
pert-josh,M4@bmm,4,288,6533,1,567,NULL,1246844,1246844,1246844,1246846,LIMIT,BUY,1,310,2018-08-24T04:13:47.092,2018-08-24T04:13:48.004,,04:13:47.092,04:13:47,0,750,#N/A,#N/A,00:02:55,175.085,1
pert-josh,M3@bmm,3,288,6533,1,567,NULL,1246845,1246845,1246845,0,LIMIT,SELL,1,20,2018-08-24T04:13:47.997,2018-08-24T04:13:48.004,,04:13:47.997,04:13:47,0,750,#N/A,#N/A,00:02:56,175.990,-1
pert-josh,M3@bmm,3,288,6533,1,567,NULL,1246846,1246845,1246845,1246844,LIMIT,SELL,1,310,2018-08-24T04:13:48.001,2018-08-24T04:13:48.005,,04:13:48.001,04:13:48,1,750,310,-440,00:02:56,175.994,-1
pert-josh,M7@bmm,7,288,6533,1,567,NULL,1246847,1246847,1246847,NULL,LIMIT,SELL,1,770,2018-08-24T04:13:48.042,2018-08-24T04:13:48.044,,04:13:48.042,04:13:48,0,750,#N/A,#N/A,00:02:56,176.035,-1
pert-josh,M8@bmm,8,288,6533,1,567,NULL,1246848,1246848,1246848,1246853,LIMIT,BUY,1,275,2018-08-24T04:13:48.185,2018-08-24T04:13:52.338,,04:13:48.185,04:13:48,0,750,#N/A,#N/A,00:02:56,176.178,1
pert-josh,M5@bmm,5,288,6533,1,567,NULL,1246849,1246849,1246849,1246858,LIMIT,SELL,1,460,2018-08-24T04:13:49.060,2018-08-24T04:14:01.763,,04:13:49.060,04:13:49,0,750,#N/A,#N/A,00:02:57,177.053,-1
pert-josh,M4@bmm,4,288,6533,1,567,NULL,1246850,1246830,1246830,1246830,CANCEL,BUY,1,300,2018-08-24T04:13:49.572,2018-08-24T04:13:49.578,,04:13:49.572,04:13:49,0,750,#N/A,#N/A,00:02:58,177.565,1
pert-josh,M4@bmm,4,288,6533,1,567,NULL,1246851,1246851,1246851,1246868,LIMIT,BUY,1,310,2018-08-24T04:13:50.289,2018-08-24T04:14:18.282,,04:13:50.289,04:13:50,0,750,#N/A,#N/A,00:02:58,178.282,1
pert-josh,M6@bmm,6,288,6533,1,567,NULL,1246852,1246852,1246852,1246892,LIMIT,BUY,1,100,2018-08-24T04:13:51.992,2018-08-24T04:14:53.157,,04:13:51.992,04:13:51,0,750,#N/A,#N/A,00:03:00,179.985,1
pert-josh,M8@bmm,8,288,6533,1,567,NULL,1246853,1246848,1246848,1246848,CANCEL,BUY,1,275,2018-08-24T04:13:52.334,2018-08-24T04:13:52.338,,04:13:52.334,04:13:52,0,750,#N/A,#N/A,00:03:00,180.327,1
pert-josh,M8@bmm,8,288,6533,1,567,NULL,1246854,1246854,1246854,1246857,LIMIT,BUY,1,375,2018-08-24T04:13:58.427,2018-08-24T04:14:01.479,,04:13:58.427,04:13:58,0,750,#N/A,#N/A,00:03:06,186.420,1
pert-josh,M6@bmm,6,288,6533,1,567,NULL,1246855,1246722,1246722,1246722,CANCEL,SELL,1,845,2018-08-24T04:14:01.032,2018-08-24T04:14:01.036,,04:14:01.032,04:14:01,0,750,#N/A,#N/A,00:03:09,189.025,-1
pert-josh,M3@bmm,3,288,6533,1,567,NULL,1246856,1246856,1246856,0,LIMIT,SELL,1,35,2018-08-24T04:14:01.471,2018-08-24T04:14:01.479,,04:14:01.471,04:14:01,0,750,#N/A,#N/A,00:03:09,189.464,-1
pert-josh,M3@bmm,3,288,6533,1,567,NULL,1246857,1246856,1246856,1246854,LIMIT,SELL,1,375,2018-08-24T04:14:01.476,2018-08-24T04:14:01.479,,04:14:01.476,04:14:01,1,750,375,-375,00:03:09,189.469,-1
pert-josh,M2@bmm,2,288,6533,1,567,NULL,1246858,1246858,1246858,1246849,LIMIT,BUY,1,460,2018-08-24T04:14:01.743,2018-08-24T04:14:01.748,,04:14:01.743,04:14:01,1,750,460,-290,00:03:10,189.736,1
pert-josh,M8@bmm,8,288,6533,1,567,NULL,1246859,1246859,1246859,1246861,LIMIT,BUY,1,375,2018-08-24T04:14:04.329,2018-08-24T04:14:05.693,,04:14:04.329,04:14:04,0,750,#N/A,#N/A,00:03:12,192.322,1
pert-josh,M3@bmm,3,288,6533,1,567,NULL,1246860,1246860,1246860,0,LIMIT,SELL,1,35,2018-08-24T04:14:05.686,2018-08-24T04:14:05.693,,04:14:05.686,04:14:05,0,750,#N/A,#N/A,00:03:14,193.679,-1
pert-josh,M3@bmm,3,288,6533,1,567,NULL,1246861,1246860,1246860,1246859,LIMIT,SELL,1,375,2018-08-24T04:14:05.691,2018-08-24T04:14:05.694,,04:14:05.691,04:14:05,1,750,375,-375,00:03:14,193.684,-1
pert-josh,M8@bmm,8,288,6533,1,567,NULL,1246862,1246862,1246862,1246865,LIMIT,BUY,1,415,2018-08-24T04:14:08.930,2018-08-24T04:14:10.535,,04:14:08.930,04:14:08,0,750,#N/A,#N/A,00:03:17,196.923,1
pert-josh,M7@bmm,7,288,6533,1,567,NULL,1246863,1246863,1246863,NULL,LIMIT,BUY,1,120,2018-08-24T04:14:09.585,2018-08-24T04:14:09.588,,04:14:09.585,04:14:09,0,750,#N/A,#N/A,00:03:18,197.578,1
pert-josh,M3@bmm,3,288,6533,1,567,NULL,1246864,1246864,1246864,0,LIMIT,SELL,1,35,2018-08-24T04:14:10.525,2018-08-24T04:14:10.534,,04:14:10.525,04:14:10,0,750,#N/A,#N/A,00:03:19,198.518,-1
pert-josh,M3@bmm,3,288,6533,1,567,NULL,1246865,1246864,1246864,1246862,LIMIT,SELL,1,415,2018-08-24T04:14:10.530,2018-08-24T04:14:10.535,,04:14:10.530,04:14:10,1,750,415,-335,00:03:19,198.523,-1
pert-josh,M2@bmm,2,288,6533,1,567,NULL,1246866,1246719,1246719,1246719,CANCEL,BUY,1,105,2018-08-24T04:14:11.841,2018-08-24T04:14:11.845,,04:14:11.841,04:14:11,0,750,#N/A,#N/A,00:03:20,199.834,1
pert-josh,M2@bmm,2,288,6533,1,567,NULL,1246867,1246867,1246867,0,LIMIT,SELL,1,30,2018-08-24T04:14:18.275,2018-08-24T04:14:18.282,,04:14:18.275,04:14:18,0,750,#N/A,#N/A,00:03:26,206.268,-1
pert-josh,M2@bmm,2,288,6533,1,567,NULL,1246868,1246867,1246867,1246851,LIMIT,SELL,1,310,2018-08-24T04:14:18.279,2018-08-24T04:14:18.283,,04:14:18.279,04:14:18,1,750,310,-440,00:03:26,206.272,-1
pert-josh,M8@bmm,8,288,6533,1,567,NULL,1246869,1246869,1246869,1246879,LIMIT,BUY,1,285,2018-08-24T04:14:18.993,2018-08-24T04:14:32.538,,04:14:18.993,04:14:18,0,750,#N/A,#N/A,00:03:27,206.986,1
pert-josh,M4@bmm,4,288,6533,1,567,NULL,1246870,1246870,1246870,1246880,LIMIT,BUY,1,310,2018-08-24T04:14:22.642,2018-08-24T04:14:33.018,,04:14:22.642,04:14:22,0,750,#N/A,#N/A,00:03:31,210.635,1
pert-josh,M7@bmm,7,288,6533,1,567,NULL,1246871,1246871,1246871,1246878,LIMIT,SELL,1,635,2018-08-24T04:14:23.296,2018-08-24T04:14:29.985,,04:14:23.296,04:14:23,0,750,#N/A,#N/A,00:03:31,211.289,-1
pert-josh,M8@bmm,8,288,6533,1,567,NULL,1246872,1246872,1246872,1246881,LIMIT,BUY,1,300,2018-08-24T04:14:23.335,2018-08-24T04:14:33.194,,04:14:23.335,04:14:23,0,750,#N/A,#N/A,00:03:31,211.328,1
pert-josh,M5@bmm,5,288,6533,1,567,NULL,1246873,1246873,1246873,NULL,LIMIT,BUY,1,315,2018-08-24T04:14:26.471,2018-08-24T04:14:26.473,,04:14:26.471,04:14:26,0,750,#N/A,#N/A,00:03:34,214.464,1
pert-josh,M4@bmm,4,288,6533,1,567,NULL,1246874,1246874,1246874,1246927,LIMIT,BUY,1,320,2018-08-24T04:14:28.891,2018-08-24T04:15:36.499,,04:14:28.891,04:14:28,0,750,#N/A,#N/A,00:03:37,216.884,1
pert-josh,M8@bmm,8,288,6533,1,567,NULL,1246875,1246875,1246875,1246877,LIMIT,BUY,1,340,2018-08-24T04:14:29.042,2018-08-24T04:14:29.973,,04:14:29.042,04:14:29,0,750,#N/A,#N/A,00:03:37,217.035,1
pert-josh,M3@bmm,3,288,6533,1,567,NULL,1246876,1246876,1246876,0,LIMIT,SELL,1,35,2018-08-24T04:14:29.966,2018-08-24T04:14:29.973,,04:14:29.966,04:14:29,0,750,#N/A,#N/A,00:03:38,217.959,-1
pert-josh,M3@bmm,3,288,6533,1,567,NULL,1246877,1246876,1246876,1246875,LIMIT,SELL,1,340,2018-08-24T04:14:29.970,2018-08-24T04:14:29.973,,04:14:29.970,04:14:29,1,750,340,-410,00:03:38,217.963,-1
pert-josh,M1@bmm,1,288,6533,1,567,NULL,1246878,1246878,1246878,1246871,LIMIT,BUY,1,635,2018-08-24T04:14:29.981,2018-08-24T04:14:29.985,,04:14:29.981,04:14:29,1,750,635,-115,00:03:38,217.974,1
pert-josh,M8@bmm,8,288,6533,1,567,NULL,1246879,1246869,1246869,1246869,CANCEL,BUY,1,285,2018-08-24T04:14:32.534,2018-08-24T04:14:32.538,,04:14:32.534,04:14:32,0,750,#N/A,#N/A,00:03:41,220.527,1
pert-josh,M4@bmm,4,288,6533,1,567,NULL,1246880,1246870,1246870,1246870,CANCEL,BUY,1,310,2018-08-24T04:14:33.014,2018-08-24T04:14:33.018,,04:14:33.014,04:14:33,0,750,#N/A,#N/A,00:03:41,221.007,1
pert-josh,M8@bmm,8,288,6533,1,567,NULL,1246881,1246872,1246872,1246872,CANCEL,BUY,1,300,2018-08-24T04:14:33.190,2018-08-24T04:14:33.194,,04:14:33.190,04:14:33,0,750,#N/A,#N/A,00:03:41,221.183,1
pert-josh,M5@bmm,5,288,6533,1,567,NULL,1246882,1246777,1246777,1246777,CANCEL,BUY,1,250,2018-08-24T04:14:38.307,2018-08-24T04:14:38.311,,04:14:38.307,04:14:38,0,750,#N/A,#N/A,00:03:46,226.300,1
pert-josh,M7@bmm,7,288,6533,1,567,NULL,1246883,1246883,1246883,NULL,LIMIT,BUY,1,110,2018-08-24T04:14:41.235,2018-08-24T04:14:41.238,,04:14:41.235,04:14:41,0,750,#N/A,#N/A,00:03:49,229.228,1
pert-josh,M5@bmm,5,288,6533,1,567,NULL,1246884,1246833,1246833,1246833,CANCEL,BUY,1,305,2018-08-24T04:14:42.804,2018-08-24T04:14:42.808,,04:14:42.804,04:14:42,0,750,#N/A,#N/A,00:03:51,230.797,1
pert-josh,M6@bmm,6,288,6533,1,567,NULL,1246885,1246885,1246885,1246895,LIMIT,SELL,1,605,2018-08-24T04:14:45.211,2018-08-24T04:14:58.077,,04:14:45.211,04:14:45,0,750,#N/A,#N/A,00:03:53,233.204,-1
pert-josh,M6@bmm,6,288,6533,1,567,NULL,1246886,1246837,1246837,1246837,CANCEL,SELL,1,705,2018-08-24T04:14:47.232,2018-08-24T04:14:47.236,,04:14:47.232,04:14:47,0,750,#N/A,#N/A,00:03:55,235.225,-1
pert-josh,M4@bmm,4,288,6533,1,567,NULL,1246888,1246888,1246888,1246923,LIMIT,BUY,1,335,2018-08-24T04:14:48.025,2018-08-24T04:15:34.998,,04:14:48.025,04:14:48,0,750,#N/A,#N/A,00:03:56,236.018,1
pert-josh,M7@bmm,7,288,6533,1,567,NULL,1246889,1246889,1246889,NULL,LIMIT,SELL,1,705,2018-08-24T04:14:50,2018-08-24T04:14:50.002,,04:14:50,#VALUE!,0,750,#N/A,#N/A,00:03:58,237.993,-1
pert-josh,M8@bmm,8,288,6533,1,567,NULL,1246891,1246891,1246891,1246893,LIMIT,BUY,1,165,2018-08-24T04:14:51.435,2018-08-24T04:14:54.580,,04:14:51.435,04:14:51,0,750,#N/A,#N/A,00:03:59,239.428,1
pert-josh,M6@bmm,6,288,6533,1,567,NULL,1246892,1246852,1246852,1246852,CANCEL,BUY,1,100,2018-08-24T04:14:53.153,2018-08-24T04:14:53.157,,04:14:53.153,04:14:53,0,750,#N/A,#N/A,00:04:01,241.146,1
pert-josh,M8@bmm,8,288,6533,1,567,NULL,1246893,1246891,1246891,1246891,CANCEL,BUY,1,165,2018-08-24T04:14:54.576,2018-08-24T04:14:54.579,,04:14:54.576,04:14:54,0,750,#N/A,#N/A,00:04:03,242.569,1
pert-josh,M8@bmm,8,288,6533,1,567,NULL,1246894,1246894,1246894,1246896,LIMIT,BUY,1,100,2018-08-24T04:14:57.795,2018-08-24T04:15:01.051,,04:14:57.795,04:14:57,0,750,#N/A,#N/A,00:04:06,245.788,1
pert-josh,M2@bmm,2,288,6533,1,567,NULL,1246895,1246895,1246895,1246885,LIMIT,BUY,1,605,2018-08-24T04:14:58.072,2018-08-24T04:14:58.076,,04:14:58.072,04:14:58,1,750,605,-145,00:04:06,246.065,1
pert-josh,M8@bmm,8,288,6533,1,567,NULL,1246896,1246894,1246894,1246894,CANCEL,BUY,1,100,2018-08-24T04:15:01.047,2018-08-24T04:15:01.051,,04:15:01.047,04:15:01,0,750,#N/A,#N/A,00:04:09,249.040,1
pert-josh,M8@bmm,8,288,6533,1,567,NULL,1246897,1246897,1246897,1246903,LIMIT,BUY,1,80,2018-08-24T04:15:04.379,2018-08-24T04:15:12.187,,04:15:04.379,04:15:04,0,750,#N/A,#N/A,00:04:12,252.372,1
pert-josh,M7@bmm,7,288,6533,1,567,NULL,1246898,1246898,1246898,NULL,LIMIT,BUY,1,110,2018-08-24T04:15:05.664,2018-08-24T04:15:05.667,,04:15:05.664,04:15:05,0,750,#N/A,#N/A,00:04:14,253.657,1
pert-josh,M8@bmm,8,288,6533,1,567,NULL,1246899,1246899,1246899,1246902,LIMIT,BUY,1,80,2018-08-24T04:15:07.010,2018-08-24T04:15:11.498,,04:15:07.010,04:15:07,0,750,#N/A,#N/A,00:04:15,255.003,1
pert-josh,M8@bmm,8,288,6533,1,567,NULL,1246900,1246900,1246900,1246905,LIMIT,BUY,1,75,2018-08-24T04:15:09.588,2018-08-24T04:15:13.515,,04:15:09.588,04:15:09,0,750,#N/A,#N/A,00:04:18,257.581,1
pert-josh,M6@bmm,6,288,6533,1,567,NULL,1246901,1246901,1246901,NULL,LIMIT,SELL,1,665,2018-08-24T04:15:10.003,2018-08-24T04:15:10.006,,04:15:10.003,04:15:10,0,750,#N/A,#N/A,00:04:18,257.996,-1
pert-josh,M8@bmm,8,288,6533,1,567,NULL,1246902,1246899,1246899,1246899,CANCEL,BUY,1,80,2018-08-24T04:15:11.494,2018-08-24T04:15:11.498,,04:15:11.494,04:15:11,0,750,#N/A,#N/A,00:04:19,259.487,1
pert-josh,M8@bmm,8,288,6533,1,567,NULL,1246903,1246897,1246897,1246897,CANCEL,BUY,1,80,2018-08-24T04:15:12.183,2018-08-24T04:15:12.187,,04:15:12.183,04:15:12,0,750,#N/A,#N/A,00:04:20,260.176,1
pert-josh,M7@bmm,7,288,6533,1,567,NULL,1246904,1246904,1246904,1246907,LIMIT,SELL,1,655,2018-08-24T04:15:13.330,2018-08-24T04:15:17.952,,04:15:13.330,04:15:13,0,750,#N/A,#N/A,00:04:21,261.323,-1
pert-josh,M8@bmm,8,288,6533,1,567,NULL,1246905,1246900,1246900,1246900,CANCEL,BUY,1,75,2018-08-24T04:15:13.510,2018-08-24T04:15:13.514,,04:15:13.510,04:15:13,0,750,#N/A,#N/A,00:04:22,261.503,1
pert-josh,M2@bmm,2,288,6533,1,567,NULL,1246906,1246906,1246906,1246912,LIMIT,BUY,1,120,2018-08-24T04:15:17.196,2018-08-24T04:15:25.725,,04:15:17.196,04:15:17,0,750,#N/A,#N/A,00:04:25,265.189,1
pert-josh,M1@bmm,1,288,6533,1,567,NULL,1246907,1246907,1246907,1246904,LIMIT,BUY,1,655,2018-08-24T04:15:17.947,2018-08-24T04:15:17.952,,04:15:17.947,04:15:17,1,750,655,-95,00:04:26,265.940,1
pert-josh,M8@bmm,8,288,6533,1,567,NULL,1246908,1246908,1246908,1246909,LIMIT,BUY,1,50,2018-08-24T04:15:19.338,2018-08-24T04:15:21.548,,04:15:19.338,04:15:19,0,750,#N/A,#N/A,00:04:27,267.331,1
pert-josh,M8@bmm,8,288,6533,1,567,NULL,1246909,1246908,1246908,1246908,CANCEL,BUY,1,50,2018-08-24T04:15:21.543,2018-08-24T04:15:21.548,,04:15:21.543,04:15:21,0,750,#N/A,#N/A,00:04:30,269.536,1
pert-josh,M4@bmm,4,288,6533,1,567,NULL,1246910,1246910,1246910,1246916,LIMIT,SELL,1,405,2018-08-24T04:15:24.793,2018-08-24T04:15:29.874,,04:15:24.793,04:15:24,0,750,#N/A,#N/A,00:04:33,272.786,-1
pert-josh,M6@bmm,6,288,6533,1,567,NULL,1246911,1246810,1246810,1246810,CANCEL,BUY,1,70,2018-08-24T04:15:24.888,2018-08-24T04:15:24.892,,04:15:24.888,04:15:24,0,750,#N/A,#N/A,00:04:33,272.881,1
pert-josh,M2@bmm,2,288,6533,1,567,NULL,1246912,1246906,1246906,1246906,CANCEL,BUY,1,120,2018-08-24T04:15:25.721,2018-08-24T04:15:25.725,,04:15:25.721,04:15:25,0,750,#N/A,#N/A,00:04:34,273.714,1
pert-josh,M7@bmm,7,288,6533,1,567,NULL,1246913,1246913,1246913,NULL,LIMIT,SELL,1,675,2018-08-24T04:15:27.192,2018-08-24T04:15:27.194,,04:15:27.192,04:15:27,0,750,#N/A,#N/A,00:04:35,275.185,-1
pert-josh,M1@bmm,1,288,6533,1,567,NULL,1246915,1246915,1246915,0,LIMIT,BUY,1,420,2018-08-24T04:15:29.866,2018-08-24T04:15:29.874,,04:15:29.866,04:15:29,0,750,#N/A,#N/A,00:04:38,277.859,1
pert-josh,M1@bmm,1,288,6533,1,567,NULL,1246916,1246915,1246915,1246910,LIMIT,BUY,1,405,2018-08-24T04:15:29.871,2018-08-24T04:15:29.874,,04:15:29.871,04:15:29,1,750,405,-345,00:04:38,277.864,1
pert-josh,M1@bmm,1,288,6533,1,567,NULL,1246917,1246917,1246917,1246919,LIMIT,BUY,1,420,2018-08-24T04:15:30.388,2018-08-24T04:15:32.301,,04:15:30.388,04:15:30,0,750,#N/A,#N/A,00:04:38,278.381,1
pert-josh,M1@bmm,1,288,6533,1,567,NULL,1246919,1246917,1246917,1246917,CANCEL,BUY,1,420,2018-08-24T04:15:32.297,2018-08-24T04:15:32.301,,04:15:32.297,04:15:32,0,750,#N/A,#N/A,00:04:40,280.290,1
pert-josh,M6@bmm,6,288,6533,1,567,NULL,1246921,1246921,1246921,NULL,LIMIT,BUY,1,70,2018-08-24T04:15:33.586,2018-08-24T04:15:33.589,,04:15:33.586,04:15:33,0,750,#N/A,#N/A,00:04:42,281.579,1
pert-josh,M3@bmm,3,288,6533,1,567,NULL,1246922,1246922,1246922,0,LIMIT,SELL,1,85,2018-08-24T04:15:34.991,2018-08-24T04:15:34.998,,04:15:34.991,04:15:34,0,750,#N/A,#N/A,00:04:43,282.984,-1
pert-josh,M3@bmm,3,288,6533,1,567,NULL,1246923,1246922,1246922,1246888,LIMIT,SELL,1,335,2018-08-24T04:15:34.995,2018-08-24T04:15:34.998,,04:15:34.995,04:15:34,1,750,335,-415,00:04:43,282.988,-1
pert-josh,M7@bmm,7,288,6533,1,567,NULL,1246924,1246924,1246924,NULL,LIMIT,BUY,1,125,2018-08-24T04:15:35.771,2018-08-24T04:15:35.773,,04:15:35.771,04:15:35,0,750,#N/A,#N/A,00:04:44,283.764,1
pert-josh,M2@bmm,2,288,6533,1,567,NULL,1246926,1246926,1246926,0,LIMIT,SELL,1,5,2018-08-24T04:15:36.492,2018-08-24T04:15:36.499,,04:15:36.492,04:15:36,0,750,#N/A,#N/A,00:04:44,284.485,-1
pert-josh,M2@bmm,2,288,6533,1,567,NULL,1246927,1246926,1246926,1246874,LIMIT,SELL,1,320,2018-08-24T04:15:36.496,2018-08-24T04:15:36.499,,04:15:36.496,04:15:36,1,750,320,-430,00:04:44,284.489,-1
pert-josh,M4@bmm,4,288,6533,1,567,NULL,1246929,1246929,1246929,NULL,LIMIT,BUY,1,335,2018-08-24T04:15:40.753,2018-08-24T04:15:40.755,,04:15:40.753,04:15:40,0,750,#N/A,#N/A,00:04:49,288.746,1
pert-josh,M4@bmm,4,288,6534,2,567,NULL,1246930,1246930,1246930,1246932,LIMIT,BUY,1,285,2018-08-24T04:16:23.792,2018-08-24T04:16:25.562,,04:16:23.792,04:16:23,0,700,#N/A,#N/A,00:05:32,331.785,1
pert-josh,M8@bmm,8,288,6534,2,567,NULL,1246931,1246931,1246931,0,LIMIT,SELL,1,105,2018-08-24T04:16:25.555,2018-08-24T04:16:25.562,,04:16:25.555,04:16:25,0,700,#N/A,#N/A,00:05:34,333.548,-1
pert-josh,M8@bmm,8,288,6534,2,567,NULL,1246932,1246931,1246931,1246930,LIMIT,SELL,1,285,2018-08-24T04:16:25.559,2018-08-24T04:16:25.563,,04:16:25.559,04:16:25,1,700,285,-415,00:05:34,333.552,-1
pert-josh,M5@bmm,5,288,6534,2,567,NULL,1246933,1246933,1246933,1246953,LIMIT,SELL,1,490,2018-08-24T04:16:26.534,2018-08-24T04:16:46.676,,04:16:26.534,04:16:26,0,700,#N/A,#N/A,00:05:35,334.527,-1
pert-josh,M8@bmm,8,288,6534,2,567,NULL,1246935,1246935,1246935,1246939,LIMIT,SELL,1,120,2018-08-24T04:16:29.339,2018-08-24T04:16:31.016,,04:16:29.339,04:16:29,0,700,#N/A,#N/A,00:05:37,337.332,-1
pert-josh,M4@bmm,4,288,6534,2,567,NULL,1246936,1246936,1246936,1246946,LIMIT,SELL,1,390,2018-08-24T04:16:29.506,2018-08-24T04:16:38.132,,04:16:29.506,04:16:29,0,700,#N/A,#N/A,00:05:37,337.499,-1
pert-josh,M7@bmm,7,288,6534,2,567,NULL,1246937,1246937,1246937,NULL,LIMIT,SELL,1,670,2018-08-24T04:16:30.673,2018-08-24T04:16:30.675,,04:16:30.673,04:16:30,0,700,#N/A,#N/A,00:05:39,338.666,-1
pert-josh,M5@bmm,5,288,6534,2,567,NULL,1246938,1246938,1246938,0,LIMIT,BUY,1,165,2018-08-24T04:16:31.009,2018-08-24T04:16:31.016,,04:16:31.009,04:16:31,0,700,#N/A,#N/A,00:05:39,339.002,1
pert-josh,M5@bmm,5,288,6534,2,567,NULL,1246939,1246938,1246938,1246935,LIMIT,BUY,1,120,2018-08-24T04:16:31.013,2018-08-24T04:16:31.016,,04:16:31.013,04:16:31,1,700,120,-580,00:05:39,339.006,1
pert-josh,M6@bmm,6,288,6534,2,567,NULL,1246940,1246940,1246940,1246943,LIMIT,BUY,1,200,2018-08-24T04:16:31.066,2018-08-24T04:16:32.098,,04:16:31.066,04:16:31,0,700,#N/A,#N/A,00:05:39,339.059,1
pert-josh,M8@bmm,8,288,6534,2,567,NULL,1246942,1246942,1246942,0,LIMIT,SELL,1,145,2018-08-24T04:16:32.091,2018-08-24T04:16:32.098,,04:16:32.091,04:16:32,0,700,#N/A,#N/A,00:05:40,340.084,-1
pert-josh,M8@bmm,8,288,6534,2,567,NULL,1246943,1246942,1246942,1246940,LIMIT,SELL,1,200,2018-08-24T04:16:32.095,2018-08-24T04:16:32.099,,04:16:32.095,04:16:32,1,700,200,-500,00:05:40,340.088,-1
pert-josh,M3@bmm,3,288,6534,2,567,NULL,1246944,1246944,1246944,1246982,LIMIT,BUY,1,285,2018-08-24T04:16:32.590,2018-08-24T04:17:15.624,,04:16:32.590,04:16:32,0,700,#N/A,#N/A,00:05:41,340.583,1
pert-josh,M3@bmm,3,288,6534,2,567,NULL,1246945,1246945,1246945,0,LIMIT,BUY,1,780,2018-08-24T04:16:38.124,2018-08-24T04:16:38.132,,04:16:38.124,04:16:38,0,700,#N/A,#N/A,00:05:46,346.117,1
pert-josh,M3@bmm,3,288,6534,2,567,NULL,1246946,1246945,1246945,1246936,LIMIT,BUY,1,390,2018-08-24T04:16:38.129,2018-08-24T04:16:38.132,,04:16:38.129,04:16:38,1,700,390,-310,00:05:46,346.122,1
pert-josh,M4@bmm,4,288,6534,2,567,NULL,1246947,1246947,1246947,1246949,LIMIT,BUY,1,305,2018-08-24T04:16:38.143,2018-08-24T04:16:38.250,,04:16:38.143,04:16:38,0,700,#N/A,#N/A,00:05:46,346.136,1
pert-josh,M8@bmm,8,288,6534,2,567,NULL,1246948,1246948,1246948,0,LIMIT,SELL,1,185,2018-08-24T04:16:38.243,2018-08-24T04:16:38.250,,04:16:38.243,04:16:38,0,700,#N/A,#N/A,00:05:46,346.236,-1
pert-josh,M8@bmm,8,288,6534,2,567,NULL,1246949,1246948,1246948,1246947,LIMIT,SELL,1,305,2018-08-24T04:16:38.247,2018-08-24T04:16:38.250,,04:16:38.247,04:16:38,1,700,305,-395,00:05:46,346.240,-1
pert-josh,M4@bmm,4,288,6534,2,567,NULL,1246950,1246950,1246950,1246956,LIMIT,BUY,1,305,2018-08-24T04:16:39.504,2018-08-24T04:16:48.190,,04:16:39.504,04:16:39,0,700,#N/A,#N/A,00:05:47,347.497,1
pert-josh,M7@bmm,7,288,6534,2,567,NULL,1246951,1246951,1246951,NULL,LIMIT,BUY,1,150,2018-08-24T04:16:41.721,2018-08-24T04:16:41.723,,04:16:41.721,04:16:41,0,700,#N/A,#N/A,00:05:50,349.714,1
pert-josh,M3@bmm,3,288,6534,2,567,NULL,1246952,1246952,1246952,0,LIMIT,BUY,1,780,2018-08-24T04:16:46.668,2018-08-24T04:16:46.675,,04:16:46.668,04:16:46,0,700,#N/A,#N/A,00:05:55,354.661,1
pert-josh,M3@bmm,3,288,6534,2,567,NULL,1246953,1246952,1246952,1246933,LIMIT,BUY,1,490,2018-08-24T04:16:46.672,2018-08-24T04:16:46.676,,04:16:46.672,04:16:46,1,700,490,-210,00:05:55,354.665,1
pert-josh,M4@bmm,4,288,6534,2,567,NULL,1246954,1246954,1246954,1246963,LIMIT,SELL,1,405,2018-08-24T04:16:47.128,2018-08-24T04:16:54.433,,04:16:47.128,04:16:47,0,700,#N/A,#N/A,00:05:55,355.121,-1
pert-josh,M8@bmm,8,288,6534,2,567,NULL,1246955,1246955,1246955,0,LIMIT,SELL,1,250,2018-08-24T04:16:48.182,2018-08-24T04:16:48.190,,04:16:48.182,04:16:48,0,700,#N/A,#N/A,00:05:56,356.175,-1
pert-josh,M8@bmm,8,288,6534,2,567,NULL,1246956,1246955,1246955,1246950,LIMIT,SELL,1,305,2018-08-24T04:16:48.186,2018-08-24T04:16:48.190,,04:16:48.186,04:16:48,1,700,305,-395,00:05:56,356.179,-1
pert-josh,M6@bmm,6,288,6534,2,567,NULL,1246957,1246957,1246957,1247035,LIMIT,SELL,1,605,2018-08-24T04:16:48.259,2018-08-24T04:18:51.697,,04:16:48.259,04:16:48,0,700,#N/A,#N/A,00:05:56,356.252,-1
pert-josh,M4@bmm,4,288,6534,2,567,NULL,1246958,1246958,1246958,1246961,LIMIT,BUY,1,295,2018-08-24T04:16:51.745,2018-08-24T04:16:52.586,,04:16:51.745,04:16:51,0,700,#N/A,#N/A,00:06:00,359.738,1
pert-josh,M7@bmm,7,288,6534,2,567,NULL,1246959,1246959,1246959,NULL,LIMIT,SELL,1,730,2018-08-24T04:16:51.825,2018-08-24T04:16:51.827,,04:16:51.825,04:16:51,0,700,#N/A,#N/A,00:06:00,359.818,-1
pert-josh,M8@bmm,8,288,6534,2,567,NULL,1246960,1246960,1246960,0,LIMIT,SELL,1,270,2018-08-24T04:16:52.579,2018-08-24T04:16:52.586,,04:16:52.579,04:16:52,0,700,#N/A,#N/A,00:06:01,360.572,-1
pert-josh,M8@bmm,8,288,6534,2,567,NULL,1246961,1246960,1246960,1246958,LIMIT,SELL,1,295,2018-08-24T04:16:52.583,2018-08-24T04:16:52.587,,04:16:52.583,04:16:52,1,700,295,-405,00:06:01,360.576,-1
pert-josh,M4@bmm,4,288,6534,2,567,NULL,1246962,1246962,1246962,1246966,LIMIT,BUY,1,295,2018-08-24T04:16:53.511,2018-08-24T04:16:55.705,,04:16:53.511,04:16:53,0,700,#N/A,#N/A,00:06:02,361.504,1
pert-josh,M1@bmm,1,288,6534,2,567,NULL,1246963,1246963,1246963,1246954,LIMIT,BUY,1,405,2018-08-24T04:16:54.428,2018-08-24T04:16:54.433,,04:16:54.428,04:16:54,1,700,405,-295,00:06:02,362.421,1
pert-josh,M5@bmm,5,288,6534,2,567,NULL,1246964,1246964,1246964,1246976,LIMIT,SELL,1,315,2018-08-24T04:16:55.664,2018-08-24T04:17:04.506,,04:16:55.664,04:16:55,0,700,#N/A,#N/A,00:06:04,363.657,-1
pert-josh,M8@bmm,8,288,6534,2,567,NULL,1246965,1246965,1246965,0,LIMIT,SELL,1,275,2018-08-24T04:16:55.698,2018-08-24T04:16:55.705,,04:16:55.698,04:16:55,0,700,#N/A,#N/A,00:06:04,363.691,-1
pert-josh,M8@bmm,8,288,6534,2,567,NULL,1246966,1246965,1246965,1246962,LIMIT,SELL,1,295,2018-08-24T04:16:55.702,2018-08-24T04:16:55.706,,04:16:55.702,04:16:55,1,700,295,-405,00:06:04,363.695,-1
pert-josh,M4@bmm,4,288,6534,2,567,NULL,1246967,1246967,1246967,1246996,LIMIT,BUY,1,295,2018-08-24T04:16:56.657,2018-08-24T04:17:42.140,,04:16:56.657,04:16:56,0,700,#N/A,#N/A,00:06:05,364.650,1
pert-josh,M8@bmm,8,288,6534,2,567,NULL,1246968,1246968,1246968,1246973,LIMIT,SELL,1,310,2018-08-24T04:16:58.603,2018-08-24T04:17:01.986,,04:16:58.603,04:16:58,0,700,#N/A,#N/A,00:06:07,366.596,-1
pert-josh,M7@bmm,7,288,6534,2,567,NULL,1246969,1246969,1246969,NULL,LIMIT,BUY,1,210,2018-08-24T04:17:00.203,2018-08-24T04:17:00.205,,04:17:00.203,04:17:00,0,700,#N/A,#N/A,00:06:08,368.196,1
pert-josh,M6@bmm,6,288,6534,2,567,NULL,1246970,1246970,1246970,1247046,LIMIT,BUY,1,160,2018-08-24T04:17:00.764,2018-08-24T04:19:05.329,,04:17:00.764,04:17:00,0,700,#N/A,#N/A,00:06:09,368.757,1
pert-josh,M6@bmm,6,288,6534,2,567,NULL,1246971,1246971,1246971,1246991,LIMIT,BUY,1,160,2018-08-24T04:17:01.008,2018-08-24T04:17:31.680,,04:17:01.008,04:17:01,0,700,#N/A,#N/A,00:06:09,369.001,1
pert-josh,M2@bmm,2,288,6534,2,567,NULL,1246972,1246972,1246972,0,LIMIT,BUY,1,315,2018-08-24T04:17:01.974,2018-08-24T04:17:01.986,,04:17:01.974,04:17:01,0,700,#N/A,#N/A,00:06:10,369.967,1
pert-josh,M2@bmm,2,288,6534,2,567,NULL,1246973,1246972,1246972,1246968,LIMIT,BUY,1,310,2018-08-24T04:17:01.979,2018-08-24T04:17:01.987,,04:17:01.979,04:17:01,1,700,310,-390,00:06:10,369.972,1
pert-josh,M1@bmm,1,288,6534,2,567,NULL,1246974,1246974,1246974,1246993,LIMIT,BUY,1,310,2018-08-24T04:17:02.035,2018-08-24T04:17:35.977,,04:17:02.035,04:17:02,0,700,#N/A,#N/A,00:06:10,370.028,1
pert-josh,M5@bmm,5,288,6534,2,567,NULL,1246975,1246975,1246975,1246977,LIMIT,BUY,1,165,2018-08-24T04:17:02.044,2018-08-24T04:17:06.557,,04:17:02.044,04:17:02,0,700,#N/A,#N/A,00:06:10,370.037,1
pert-josh,M2@bmm,2,288,6534,2,567,NULL,1246976,1246976,1246976,1246964,LIMIT,BUY,1,315,2018-08-24T04:17:04.501,2018-08-24T04:17:04.506,,04:17:04.501,04:17:04,1,700,315,-385,00:06:12,372.494,1
pert-josh,M5@bmm,5,288,6534,2,567,NULL,1246977,1246975,1246975,1246975,CANCEL,BUY,1,165,2018-08-24T04:17:06.549,2018-08-24T04:17:06.557,,04:17:06.549,04:17:06,0,700,#N/A,#N/A,00:06:15,374.542,1
pert-josh,M4@bmm,4,288,6534,2,567,NULL,1246978,1246978,1246978,1247057,LIMIT,BUY,1,315,2018-08-24T04:17:08.461,2018-08-24T04:19:18.757,,04:17:08.461,04:17:08,0,700,#N/A,#N/A,00:06:16,376.454,1
pert-josh,M3@bmm,3,288,6534,2,567,NULL,1246979,1246979,1246979,NULL,LIMIT,BUY,1,290,2018-08-24T04:17:10.260,2018-08-24T04:17:10.265,,04:17:10.260,04:17:10,0,700,#N/A,#N/A,00:06:18,378.253,1
pert-josh,M7@bmm,7,288,6534,2,567,NULL,1246980,1246980,1246980,NULL,LIMIT,SELL,1,665,2018-08-24T04:17:11.573,2018-08-24T04:17:11.575,,04:17:11.573,04:17:11,0,700,#N/A,#N/A,00:06:20,379.566,-1
pert-josh,M4@bmm,4,288,6534,2,567,NULL,1246981,1246981,1246981,1246985,LIMIT,SELL,1,415,2018-08-24T04:17:15.136,2018-08-24T04:17:20.010,,04:17:15.136,04:17:15,0,700,#N/A,#N/A,00:06:23,383.129,-1
pert-josh,M3@bmm,3,288,6534,2,567,NULL,1246982,1246944,1246944,1246944,CANCEL,BUY,1,285,2018-08-24T04:17:15.620,2018-08-24T04:17:15.624,,04:17:15.620,04:17:15,0,700,#N/A,#N/A,00:06:24,383.613,1
pert-josh,M1@bmm,1,288,6534,2,567,NULL,1246985,1246985,1246985,1246981,LIMIT,BUY,1,415,2018-08-24T04:17:20.005,2018-08-24T04:17:20.010,,04:17:20.005,04:17:20,1,700,415,-285,00:06:28,387.998,1
pert-josh,M5@bmm,5,288,6534,2,567,NULL,1246987,1246987,1246987,1247031,LIMIT,BUY,1,320,2018-08-24T04:17:20.719,2018-08-24T04:18:41.003,,04:17:20.719,04:17:20,0,700,#N/A,#N/A,00:06:29,388.712,1
pert-josh,M6@bmm,6,288,6534,2,567,NULL,1246989,1246989,1246989,1247040,LIMIT,SELL,1,500,2018-08-24T04:17:23.973,2018-08-24T04:18:54.982,,04:17:23.973,04:17:23,0,700,#N/A,#N/A,00:06:32,391.966,-1
pert-josh,M7@bmm,7,288,6534,2,567,NULL,1246990,1246990,1246990,NULL,LIMIT,BUY,1,215,2018-08-24T04:17:24.793,2018-08-24T04:17:24.796,,04:17:24.793,04:17:24,0,700,#N/A,#N/A,00:06:33,392.786,1
pert-josh,M6@bmm,6,288,6534,2,567,NULL,1246991,1246971,1246971,1246971,CANCEL,BUY,1,160,2018-08-24T04:17:31.675,2018-08-24T04:17:31.679,,04:17:31.675,04:17:31,0,700,#N/A,#N/A,00:06:40,399.668,1
pert-josh,M7@bmm,7,288,6534,2,567,NULL,1246992,1246992,1246992,NULL,LIMIT,SELL,1,565,2018-08-24T04:17:32.384,2018-08-24T04:17:32.386,,04:17:32.384,04:17:32,0,700,#N/A,#N/A,00:06:40,400.377,-1
pert-josh,M1@bmm,1,288,6534,2,567,NULL,1246993,1246974,1246974,1246974,CANCEL,BUY,1,310,2018-08-24T04:17:35.971,2018-08-24T04:17:35.976,,04:17:35.971,04:17:35,0,700,#N/A,#N/A,00:06:44,403.964,1
pert-josh,M4@bmm,4,288,6534,2,567,NULL,1246994,1246994,1246994,1247017,LIMIT,BUY,1,325,2018-08-24T04:17:40.912,2018-08-24T04:18:17.176,,04:17:40.912,04:17:40,0,700,#N/A,#N/A,00:06:49,408.905,1
pert-josh,M7@bmm,7,288,6534,2,567,NULL,1246995,1246995,1246995,NULL,LIMIT,SELL,1,610,2018-08-24T04:17:41.812,2018-08-24T04:17:41.814,,04:17:41.812,04:17:41,0,700,#N/A,#N/A,00:06:50,409.805,-1
pert-josh,M4@bmm,4,288,6534,2,567,NULL,1246996,1246967,1246967,1246967,CANCEL,BUY,1,295,2018-08-24T04:17:42.135,2018-08-24T04:17:42.140,,04:17:42.135,04:17:42,0,700,#N/A,#N/A,00:06:50,410.128,1
pert-josh,M6@bmm,6,288,6534,2,567,NULL,1246997,1246997,1246997,1247023,LIMIT,BUY,1,145,2018-08-24T04:17:45.868,2018-08-24T04:18:24.590,,04:17:45.868,04:17:45,0,700,#N/A,#N/A,00:06:54,413.861,1
pert-josh,M7@bmm,7,288,6534,2,567,NULL,1247001,1247001,1247001,NULL,LIMIT,BUY,1,220,2018-08-24T04:17:54.161,2018-08-24T04:17:54.163,,04:17:54.161,04:17:54,0,700,#N/A,#N/A,00:07:02,422.154,1
pert-josh,M8@bmm,8,288,6534,2,567,NULL,1247003,1247003,1247003,1247026,LIMIT,BUY,1,115,2018-08-24T04:17:58.811,2018-08-24T04:18:27.669,,04:17:58.811,04:17:58,0,700,#N/A,#N/A,00:07:07,426.804,1
pert-josh,M4@bmm,4,288,6534,2,567,NULL,1247004,1247004,1247004,1247009,LIMIT,SELL,1,420,2018-08-24T04:17:59.073,2018-08-24T04:18:05.785,,04:17:59.073,04:17:59,0,700,#N/A,#N/A,00:07:07,427.066,-1
pert-josh,M2@bmm,2,288,6534,2,567,NULL,1247005,1247005,1247005,1247008,LIMIT,BUY,1,20,2018-08-24T04:18:01.118,2018-08-24T04:18:05.576,,04:18:01.118,04:18:01,0,700,#N/A,#N/A,00:07:09,429.111,1
pert-josh,M5@bmm,5,288,6534,2,567,NULL,1247006,1247006,1247006,1247013,LIMIT,BUY,1,330,2018-08-24T04:18:02.656,2018-08-24T04:18:12.293,,04:18:02.656,04:18:02,0,700,#N/A,#N/A,00:07:11,430.649,1
pert-josh,M7@bmm,7,288,6534,2,567,NULL,1247007,1247007,1247007,1247011,LIMIT,SELL,1,450,2018-08-24T04:18:04.584,2018-08-24T04:18:10.050,,04:18:04.584,04:18:04,0,700,#N/A,#N/A,00:07:13,432.577,-1
pert-josh,M2@bmm,2,288,6534,2,567,NULL,1247008,1247005,1247005,1247005,CANCEL,BUY,1,20,2018-08-24T04:18:05.572,2018-08-24T04:18:05.576,,04:18:05.572,04:18:05,0,700,#N/A,#N/A,00:07:14,433.565,1
pert-josh,M1@bmm,1,288,6534,2,567,NULL,1247009,1247009,1247009,1247004,LIMIT,BUY,1,420,2018-08-24T04:18:05.780,2018-08-24T04:18:05.785,,04:18:05.780,04:18:05,1,700,420,-280,00:07:14,433.773,1
pert-josh,M8@bmm,8,288,6534,2,567,NULL,1247010,1247010,1247010,1247024,LIMIT,BUY,1,105,2018-08-24T04:18:06.996,2018-08-24T04:18:26.220,,04:18:06.996,04:18:06,0,700,#N/A,#N/A,00:07:15,434.989,1
pert-josh,M1@bmm,1,288,6534,2,567,NULL,1247011,1247011,1247011,1247007,LIMIT,BUY,1,450,2018-08-24T04:18:10.045,2018-08-24T04:18:10.050,,04:18:10.045,04:18:10,1,700,450,-250,00:07:18,438.038,1
pert-josh,M2@bmm,2,288,6534,2,567,NULL,1247012,1247012,1247012,0,LIMIT,SELL,1,20,2018-08-24T04:18:12.285,2018-08-24T04:18:12.292,,04:18:12.285,04:18:12,0,700,#N/A,#N/A,00:07:20,440.278,-1
pert-josh,M2@bmm,2,288,6534,2,567,NULL,1247013,1247012,1247012,1247006,LIMIT,SELL,1,330,2018-08-24T04:18:12.289,2018-08-24T04:18:12.293,,04:18:12.289,04:18:12,1,700,330,-370,00:07:20,440.282,-1
pert-josh,M7@bmm,7,288,6534,2,567,NULL,1247015,1247015,1247015,NULL,LIMIT,SELL,1,525,2018-08-24T04:18:15.027,2018-08-24T04:18:15.029,,04:18:15.027,04:18:15,0,700,#N/A,#N/A,00:07:23,443.020,-1
pert-josh,M2@bmm,2,288,6534,2,567,NULL,1247016,1247016,1247016,0,LIMIT,SELL,1,20,2018-08-24T04:18:17.164,2018-08-24T04:18:17.176,,04:18:17.164,04:18:17,0,700,#N/A,#N/A,00:07:25,445.157,-1
pert-josh,M2@bmm,2,288,6534,2,567,NULL,1247017,1247016,1247016,1246994,LIMIT,SELL,1,325,2018-08-24T04:18:17.170,2018-08-24T04:18:17.176,,04:18:17.170,04:18:17,1,700,325,-375,00:07:25,445.163,-1
pert-josh,M4@bmm,4,288,6534,2,567,NULL,1247018,1247018,1247018,1247053,LIMIT,BUY,1,335,2018-08-24T04:18:17.450,2018-08-24T04:19:08.510,,04:18:17.450,04:18:17,0,700,#N/A,#N/A,00:07:25,445.443,1
pert-josh,M8@bmm,8,288,6534,2,567,NULL,1247019,1247019,1247019,1247028,LIMIT,BUY,1,100,2018-08-24T04:18:19.573,2018-08-24T04:18:30.213,,04:18:19.573,04:18:19,0,700,#N/A,#N/A,00:07:28,447.566,1
pert-josh,M7@bmm,7,288,6534,2,567,NULL,1247020,1247020,1247020,NULL,LIMIT,BUY,1,185,2018-08-24T04:18:20.339,2018-08-24T04:18:20.342,,04:18:20.339,04:18:20,0,700,#N/A,#N/A,00:07:28,448.332,1
pert-josh,M4@bmm,4,288,6534,2,567,NULL,1247021,1247021,1247021,NULL,LIMIT,BUY,1,330,2018-08-24T04:18:21.769,2018-08-24T04:18:21.771,,04:18:21.769,04:18:21,0,700,#N/A,#N/A,00:07:30,449.762,1
pert-josh,M5@bmm,5,288,6534,2,567,NULL,1247022,1247022,1247022,1247025,LIMIT,SELL,1,340,2018-08-24T04:18:23.274,2018-08-24T04:18:26.394,,04:18:23.274,04:18:23,0,700,#N/A,#N/A,00:07:31,451.267,-1
pert-josh,M6@bmm,6,288,6534,2,567,NULL,1247023,1246997,1246997,1246997,CANCEL,BUY,1,145,2018-08-24T04:18:24.586,2018-08-24T04:18:24.589,,04:18:24.586,04:18:24,0,700,#N/A,#N/A,00:07:33,452.579,1
pert-josh,M8@bmm,8,288,6534,2,567,NULL,1247024,1247010,1247010,1247010,CANCEL,BUY,1,105,2018-08-24T04:18:26.216,2018-08-24T04:18:26.220,,04:18:26.216,04:18:26,0,700,#N/A,#N/A,00:07:34,454.209,1
pert-josh,M5@bmm,5,288,6534,2,567,NULL,1247025,1247022,1247022,1247022,CANCEL,SELL,1,340,2018-08-24T04:18:26.390,2018-08-24T04:18:26.393,,04:18:26.390,04:18:26,0,700,#N/A,#N/A,00:07:34,454.383,-1
pert-josh,M8@bmm,8,288,6534,2,567,NULL,1247026,1247003,1247003,1247003,CANCEL,BUY,1,115,2018-08-24T04:18:27.665,2018-08-24T04:18:27.669,,04:18:27.665,04:18:27,0,700,#N/A,#N/A,00:07:36,455.658,1
pert-josh,M7@bmm,7,288,6534,2,567,NULL,1247027,1247027,1247027,NULL,LIMIT,SELL,1,590,2018-08-24T04:18:28.232,2018-08-24T04:18:28.234,,04:18:28.232,04:18:28,0,700,#N/A,#N/A,00:07:36,456.225,-1
pert-josh,M8@bmm,8,288,6534,2,567,NULL,1247028,1247019,1247019,1247019,CANCEL,BUY,1,100,2018-08-24T04:18:30.209,2018-08-24T04:18:30.213,,04:18:30.209,04:18:30,0,700,#N/A,#N/A,00:07:38,458.202,1
pert-josh,M5@bmm,5,288,6534,2,567,NULL,1247029,1247029,1247029,1247034,LIMIT,BUY,1,340,2018-08-24T04:18:32.015,2018-08-24T04:18:46.928,,04:18:32.015,04:18:32,0,700,#N/A,#N/A,00:07:40,460.008,1
pert-josh,M7@bmm,7,288,6534,2,567,NULL,1247030,1247030,1247030,NULL,LIMIT,BUY,1,185,2018-08-24T04:18:36.814,2018-08-24T04:18:36.816,,04:18:36.814,04:18:36,0,700,#N/A,#N/A,00:07:45,464.807,1
pert-josh,M5@bmm,5,288,6534,2,567,NULL,1247031,1246987,1246987,1246987,CANCEL,BUY,1,320,2018-08-24T04:18:40.998,2018-08-24T04:18:41.003,,04:18:40.998,04:18:40,0,700,#N/A,#N/A,00:07:49,468.991,1
pert-josh,M4@bmm,4,288,6534,2,567,NULL,1247032,1247032,1247032,NULL,LIMIT,SELL,1,475,2018-08-24T04:18:44.433,2018-08-24T04:18:44.435,,04:18:44.433,04:18:44,0,700,#N/A,#N/A,00:07:52,472.426,-1
pert-josh,M7@bmm,7,288,6534,2,567,NULL,1247033,1247033,1247033,NULL,LIMIT,SELL,1,625,2018-08-24T04:18:45.753,2018-08-24T04:18:45.755,,04:18:45.753,04:18:45,0,700,#N/A,#N/A,00:07:54,473.746,-1
pert-josh,M6@bmm,6,288,6534,2,567,NULL,1247034,1247034,1247034,1247029,LIMIT,SELL,1,340,2018-08-24T04:18:46.911,2018-08-24T04:18:46.928,,04:18:46.911,04:18:46,1,700,340,-360,00:07:55,474.904,-1
pert-josh,M6@bmm,6,288,6534,2,567,NULL,1247035,1246957,1246957,1246957,CANCEL,SELL,1,605,2018-08-24T04:18:51.693,2018-08-24T04:18:51.696,,04:18:51.693,04:18:51,0,700,#N/A,#N/A,00:08:00,479.686,-1
pert-josh,M7@bmm,7,288,6534,2,567,NULL,1247036,1247036,1247036,1247041,LIMIT,SELL,1,450,2018-08-24T04:18:51.819,2018-08-24T04:18:55.802,,04:18:51.819,04:18:51,0,700,#N/A,#N/A,00:08:00,479.812,-1
pert-josh,M5@bmm,5,288,6534,2,567,NULL,1247037,1247037,1247037,1247039,LIMIT,BUY,1,340,2018-08-24T04:18:51.895,2018-08-24T04:18:54.276,,04:18:51.895,04:18:51,0,700,#N/A,#N/A,00:08:00,479.888,1
pert-josh,M3@bmm,3,288,6534,2,567,NULL,1247038,1247038,1247038,0,LIMIT,SELL,1,35,2018-08-24T04:18:54.268,2018-08-24T04:18:54.276,,04:18:54.268,04:18:54,0,700,#N/A,#N/A,00:08:02,482.261,-1
pert-josh,M3@bmm,3,288,6534,2,567,NULL,1247039,1247038,1247038,1247037,LIMIT,SELL,1,340,2018-08-24T04:18:54.273,2018-08-24T04:18:54.276,,04:18:54.273,04:18:54,1,700,340,-360,00:08:02,482.266,-1
pert-josh,M6@bmm,6,288,6534,2,567,NULL,1247040,1246989,1246989,1246989,CANCEL,SELL,1,500,2018-08-24T04:18:54.978,2018-08-24T04:18:54.982,,04:18:54.978,04:18:54,0,700,#N/A,#N/A,00:08:03,482.971,-1
pert-josh,M2@bmm,2,288,6534,2,567,NULL,1247041,1247041,1247041,1247036,LIMIT,BUY,1,450,2018-08-24T04:18:55.798,2018-08-24T04:18:55.802,,04:18:55.798,04:18:55,1,700,450,-250,00:08:04,483.791,1
pert-josh,M7@bmm,7,288,6534,2,567,NULL,1247045,1247045,1247045,NULL,LIMIT,SELL,1,515,2018-08-24T04:19:01.570,2018-08-24T04:19:01.572,,04:19:01.570,04:19:01,0,700,#N/A,#N/A,00:08:10,489.563,-1
pert-josh,M6@bmm,6,288,6534,2,567,NULL,1247046,1246970,1246970,1246970,CANCEL,BUY,1,160,2018-08-24T04:19:05.324,2018-08-24T04:19:05.329,,04:19:05.324,04:19:05,0,700,#N/A,#N/A,00:08:13,493.317,1
pert-josh,M5@bmm,5,288,6534,2,567,NULL,1247047,1247047,1247047,1247077,LIMIT,SELL,1,430,2018-08-24T04:19:05.424,2018-08-24T04:20:01.342,,04:19:05.424,04:19:05,0,700,#N/A,#N/A,00:08:13,493.417,-1
pert-josh,M8@bmm,8,288,6534,2,567,NULL,1247048,1247048,1247048,1247051,LIMIT,BUY,1,415,2018-08-24T04:19:05.467,2018-08-24T04:19:08.258,,04:19:05.467,04:19:05,0,700,#N/A,#N/A,00:08:13,493.460,1
pert-josh,M7@bmm,7,288,6534,2,567,NULL,1247049,1247049,1247049,NULL,LIMIT,BUY,1,180,2018-08-24T04:19:06.753,2018-08-24T04:19:06.755,,04:19:06.753,04:19:06,0,700,#N/A,#N/A,00:08:15,494.746,1
pert-josh,M3@bmm,3,288,6534,2,567,NULL,1247050,1247050,1247050,0,LIMIT,SELL,1,35,2018-08-24T04:19:08.248,2018-08-24T04:19:08.258,,04:19:08.248,04:19:08,0,700,#N/A,#N/A,00:08:16,496.241,-1
pert-josh,M3@bmm,3,288,6534,2,567,NULL,1247051,1247050,1247050,1247048,LIMIT,SELL,1,415,2018-08-24T04:19:08.255,2018-08-24T04:19:08.258,,04:19:08.255,04:19:08,1,700,415,-285,00:08:16,496.248,-1
pert-josh,M3@bmm,3,288,6534,2,567,NULL,1247052,1247052,1247052,0,LIMIT,SELL,1,35,2018-08-24T04:19:08.502,2018-08-24T04:19:08.510,,04:19:08.502,04:19:08,0,700,#N/A,#N/A,00:08:16,496.495,-1
pert-josh,M3@bmm,3,288,6534,2,567,NULL,1247053,1247052,1247052,1247018,LIMIT,SELL,1,335,2018-08-24T04:19:08.507,2018-08-24T04:19:08.510,,04:19:08.507,04:19:08,1,700,335,-365,00:08:16,496.500,-1
pert-josh,M7@bmm,7,288,6534,2,567,NULL,1247054,1247054,1247054,NULL,LIMIT,SELL,1,575,2018-08-24T04:19:14.188,2018-08-24T04:19:14.190,,04:19:14.188,04:19:14,0,700,#N/A,#N/A,00:08:22,502.181,-1
pert-josh,M4@bmm,4,288,6534,2,567,NULL,1247055,1247055,1247055,NULL,LIMIT,BUY,1,335,2018-08-24T04:19:17.001,2018-08-24T04:19:17.003,,04:19:17.001,04:19:17,0,700,#N/A,#N/A,00:08:25,504.994,1
pert-josh,M2@bmm,2,288,6534,2,567,NULL,1247056,1247056,1247056,1247063,LIMIT,SELL,1,415,2018-08-24T04:19:18.238,2018-08-24T04:19:31.405,,04:19:18.238,04:19:18,0,700,#N/A,#N/A,00:08:26,506.231,-1
pert-josh,M4@bmm,4,288,6534,2,567,NULL,1247057,1246978,1246978,1246978,CANCEL,BUY,1,315,2018-08-24T04:19:18.753,2018-08-24T04:19:18.757,,04:19:18.753,04:19:18,0,700,#N/A,#N/A,00:08:27,506.746,1
pert-josh,M7@bmm,7,288,6534,2,567,NULL,1247058,1247058,1247058,NULL,LIMIT,SELL,1,555,2018-08-24T04:19:21.281,2018-08-24T04:19:21.284,,04:19:21.281,04:19:21,0,700,#N/A,#N/A,00:08:29,509.274,-1
pert-josh,M5@bmm,5,288,6534,2,567,NULL,1247059,1247059,1247059,1247062,LIMIT,BUY,1,340,2018-08-24T04:19:26.538,2018-08-24T04:19:29.447,,04:19:26.538,04:19:26,0,700,#N/A,#N/A,00:08:35,514.531,1
pert-josh,M7@bmm,7,288,6534,2,567,NULL,1247060,1247060,1247060,NULL,LIMIT,BUY,1,175,2018-08-24T04:19:27.169,2018-08-24T04:19:27.172,,04:19:27.169,04:19:27,0,700,#N/A,#N/A,00:08:35,515.162,1
pert-josh,M3@bmm,3,288,6534,2,567,NULL,1247061,1247061,1247061,0,LIMIT,SELL,1,35,2018-08-24T04:19:29.440,2018-08-24T04:19:29.447,,04:19:29.440,04:19:29,0,700,#N/A,#N/A,00:08:37,517.433,-1
pert-josh,M3@bmm,3,288,6534,2,567,NULL,1247062,1247061,1247061,1247059,LIMIT,SELL,1,340,2018-08-24T04:19:29.444,2018-08-24T04:19:29.447,,04:19:29.444,04:19:29,1,700,340,-360,00:08:37,517.437,-1
pert-josh,M6@bmm,6,288,6534,2,567,NULL,1247063,1247063,1247063,1247056,LIMIT,BUY,1,415,2018-08-24T04:19:31.399,2018-08-24T04:19:31.405,,04:19:31.399,04:19:31,1,700,415,-285,00:08:39,519.392,1
pert-josh,M7@bmm,7,288,6534,2,567,NULL,1247064,1247064,1247064,NULL,LIMIT,SELL,1,595,2018-08-24T04:19:39.283,2018-08-24T04:19:39.286,,04:19:39.283,04:19:39,0,700,#N/A,#N/A,00:08:47,527.276,-1
pert-josh,M5@bmm,5,288,6534,2,567,NULL,1247065,1247065,1247065,1247068,LIMIT,SELL,1,425,2018-08-24T04:19:40.632,2018-08-24T04:19:50.282,,04:19:40.632,04:19:40,0,700,#N/A,#N/A,00:08:49,528.625,-1
pert-josh,M4@bmm,4,288,6534,2,567,NULL,1247066,1247066,1247066,1247075,LIMIT,BUY,1,340,2018-08-24T04:19:40.976,2018-08-24T04:19:59.196,,04:19:40.976,04:19:40,0,700,#N/A,#N/A,00:08:49,528.969,1
pert-josh,M2@bmm,2,288,6534,2,567,NULL,1247068,1247068,1247068,1247065,LIMIT,BUY,1,425,2018-08-24T04:19:50.277,2018-08-24T04:19:50.282,,04:19:50.277,04:19:50,1,700,425,-275,00:08:58,538.270,1
pert-josh,M7@bmm,7,288,6534,2,567,NULL,1247071,1247071,1247071,NULL,LIMIT,SELL,1,570,2018-08-24T04:19:55.227,2018-08-24T04:19:55.229,,04:19:55.227,04:19:55,0,700,#N/A,#N/A,00:09:03,543.220,-1
pert-josh,M6@bmm,6,288,6534,2,567,NULL,1247073,1247073,1247073,1247087,LIMIT,SELL,1,500,2018-08-24T04:19:59.111,2018-08-24T04:20:46.202,,04:19:59.111,04:19:59,0,700,#N/A,#N/A,00:09:07,547.104,-1
pert-josh,M2@bmm,2,288,6534,2,567,NULL,1247074,1247074,1247074,0,LIMIT,SELL,1,5,2018-08-24T04:19:59.189,2018-08-24T04:19:59.196,,04:19:59.189,04:19:59,0,700,#N/A,#N/A,00:09:07,547.182,-1
pert-josh,M2@bmm,2,288,6534,2,567,NULL,1247075,1247074,1247074,1247066,LIMIT,SELL,1,340,2018-08-24T04:19:59.193,2018-08-24T04:19:59.196,,04:19:59.193,04:19:59,1,700,340,-360,00:09:07,547.186,-1
pert-josh,M8@bmm,8,288,6534,2,567,NULL,1247076,1247076,1247076,0,LIMIT,BUY,1,445,2018-08-24T04:20:01.335,2018-08-24T04:20:01.342,,04:20:01.335,04:20:01,0,700,#N/A,#N/A,00:09:09,549.328,1
pert-josh,M8@bmm,8,288,6534,2,567,NULL,1247077,1247076,1247076,1247047,LIMIT,BUY,1,430,2018-08-24T04:20:01.339,2018-08-24T04:20:01.342,,04:20:01.339,04:20:01,1,700,430,-270,00:09:09,549.332,1
pert-josh,M7@bmm,7,288,6534,2,567,NULL,1247078,1247078,1247078,NULL,LIMIT,BUY,1,185,2018-08-24T04:20:01.849,2018-08-24T04:20:01.854,,04:20:01.849,04:20:01,0,700,#N/A,#N/A,00:09:10,549.842,1
pert-josh,M3@bmm,3,288,6534,2,567,NULL,1247079,1247079,1247079,NULL,LIMIT,BUY,1,175,2018-08-24T04:20:06.426,2018-08-24T04:20:06.428,,04:20:06.426,04:20:06,0,700,#N/A,#N/A,00:09:14,554.419,1
pert-josh,M4@bmm,4,288,6534,2,567,NULL,1247080,1247080,1247080,NULL,LIMIT,BUY,1,340,2018-08-24T04:20:12.451,2018-08-24T04:20:12.453,,04:20:12.451,04:20:12,0,700,#N/A,#N/A,00:09:20,560.444,1
pert-josh,M7@bmm,7,288,6534,2,567,NULL,1247081,1247081,1247081,NULL,LIMIT,SELL,1,585,2018-08-24T04:20:18.593,2018-08-24T04:20:18.595,,04:20:18.593,04:20:18,0,700,#N/A,#N/A,00:09:27,566.586,-1
pert-josh,M3@bmm,3,288,6534,2,567,NULL,1247082,1247082,1247082,NULL,LIMIT,SELL,1,585,2018-08-24T04:20:27.506,2018-08-24T04:20:27.509,,04:20:27.506,04:20:27,0,700,#N/A,#N/A,00:09:35,575.499,-1
pert-josh,M5@bmm,5,288,6534,2,567,NULL,1247083,1247083,1247083,NULL,LIMIT,SELL,1,470,2018-08-24T04:20:32.900,2018-08-24T04:20:32.902,,04:20:32.900,04:20:32,0,700,#N/A,#N/A,00:09:41,580.893,-1
pert-josh,M7@bmm,7,288,6534,2,567,NULL,1247084,1247084,1247084,NULL,LIMIT,SELL,1,480,2018-08-24T04:20:36.937,2018-08-24T04:20:36.939,,04:20:36.937,04:20:36,0,700,#N/A,#N/A,00:09:45,584.930,-1
pert-josh,M6@bmm,6,288,6534,2,567,NULL,1247087,1247073,1247073,1247073,CANCEL,SELL,1,500,2018-08-24T04:20:46.198,2018-08-24T04:20:46.201,,04:20:46.198,04:20:46,0,700,#N/A,#N/A,00:09:54,594.191,-1
pert-josh,M5@bmm,5,288,6534,2,567,NULL,1247088,1247088,1247088,1247091,LIMIT,BUY,1,350,2018-08-24T04:20:47.434,2018-08-24T04:20:50.527,,04:20:47.434,04:20:47,0,700,#N/A,#N/A,00:09:55,595.427,1
pert-josh,M7@bmm,7,288,6534,2,567,NULL,1247090,1247090,1247090,1247093,LIMIT,BUY,1,175,2018-08-24T04:20:49.810,2018-08-24T04:20:57.800,,04:20:49.810,04:20:49,0,700,#N/A,#N/A,00:09:58,597.803,1
pert-josh,M5@bmm,5,288,6534,2,567,NULL,1247091,1247088,1247088,1247088,CANCEL,BUY,1,350,2018-08-24T04:20:50.523,2018-08-24T04:20:50.527,,04:20:50.523,04:20:50,0,700,#N/A,#N/A,00:09:59,598.516,1
pert-josh,M6@bmm,6,288,6534,2,567,NULL,1247092,1247092,1247092,NULL,LIMIT,SELL,1,460,2018-08-24T04:20:52.030,2018-08-24T04:20:52.033,,04:20:52.030,04:20:52,0,700,#N/A,#N/A,00:10:00,600.023,-1
pert-josh,M7@bmm,7,288,6534,2,567,NULL,1247093,1247090,1247090,1247090,CANCEL,BUY,1,175,2018-08-24T04:20:57.796,2018-08-24T04:20:57.800,,04:20:57.796,04:20:57,0,700,#N/A,#N/A,00:10:06,605.789,1
pert-josh,M5@bmm,5,288,6534,2,567,NULL,1247094,1247094,1247094,1247097,LIMIT,BUY,1,345,2018-08-24T04:20:58.321,2018-08-24T04:21:07.603,,04:20:58.321,04:20:58,0,700,#N/A,#N/A,00:10:06,606.314,1
pert-josh,M3@bmm,3,288,6534,2,567,NULL,1247096,1247096,1247096,0,LIMIT,SELL,1,20,2018-08-24T04:21:07.595,2018-08-24T04:21:07.603,,04:21:07.595,04:21:07,0,700,#N/A,#N/A,00:10:16,615.588,-1
pert-josh,M3@bmm,3,288,6534,2,567,NULL,1247097,1247096,1247096,1247094,LIMIT,SELL,1,345,2018-08-24T04:21:07.600,2018-08-24T04:21:07.604,,04:21:07.600,04:21:07,1,700,345,-355,00:10:16,615.593,-1
pert-josh,M8@bmm,8,288,6534,2,567,NULL,1247098,1247098,1247098,NULL,LIMIT,BUY,1,10,2018-08-24T04:21:08.277,2018-08-24T04:21:08.279,,04:21:08.277,04:21:08,0,700,#N/A,#N/A,00:10:16,616.270,1
pert-josh,M4@bmm,4,288,6535,3,567,NULL,1247101,1247101,1247101,1247121,LIMIT,BUY,1,305,2018-08-24T04:21:54.450,2018-08-24T04:22:23.756,,04:21:54.450,04:21:54,0,650,#N/A,#N/A,00:11:02,662.443,1
pert-josh,M7@bmm,7,288,6535,3,567,NULL,1247102,1247102,1247102,1247114,LIMIT,SELL,1,585,2018-08-24T04:21:55.625,2018-08-24T04:22:11.450,,04:21:55.625,04:21:55,0,650,#N/A,#N/A,00:11:04,663.618,-1
pert-josh,M8@bmm,8,288,6535,3,567,NULL,1247103,1247103,1247103,1247105,LIMIT,SELL,1,350,2018-08-24T04:21:56.158,2018-08-24T04:22:02.450,,04:21:56.158,04:21:56,0,650,#N/A,#N/A,00:11:04,664.151,-1
pert-josh,M8@bmm,8,288,6535,3,567,NULL,1247104,1247104,1247104,1247108,LIMIT,SELL,1,370,2018-08-24T04:22:01.638,2018-08-24T04:22:05.856,,04:22:01.638,04:22:01,0,650,#N/A,#N/A,00:11:10,669.631,-1
pert-josh,M2@bmm,2,288,6535,3,567,NULL,1247105,1247105,1247105,1247103,LIMIT,BUY,1,350,2018-08-24T04:22:02.445,2018-08-24T04:22:02.450,,04:22:02.445,04:22:02,1,650,350,-300,00:11:10,670.438,1
pert-josh,M7@bmm,7,288,6535,3,567,NULL,1247106,1247106,1247106,NULL,LIMIT,BUY,1,240,2018-08-24T04:22:04.909,2018-08-24T04:22:04.911,,04:22:04.909,04:22:04,0,650,#N/A,#N/A,00:11:13,672.902,1
pert-josh,M3@bmm,3,288,6535,3,567,NULL,1247107,1247107,1247107,0,LIMIT,BUY,1,415,2018-08-24T04:22:05.848,2018-08-24T04:22:05.856,,04:22:05.848,04:22:05,0,650,#N/A,#N/A,00:11:14,673.841,1
pert-josh,M3@bmm,3,288,6535,3,567,NULL,1247108,1247107,1247107,1247104,LIMIT,BUY,1,370,2018-08-24T04:22:05.853,2018-08-24T04:22:05.856,,04:22:05.853,04:22:05,1,650,370,-280,00:11:14,673.846,1
pert-josh,M1@bmm,1,288,6535,3,567,NULL,1247109,1247109,1247109,1247110,LIMIT,SELL,1,370,2018-08-24T04:22:06.814,2018-08-24T04:22:07.185,,04:22:06.814,04:22:06,0,650,#N/A,#N/A,00:11:15,674.807,-1
pert-josh,M2@bmm,2,288,6535,3,567,NULL,1247110,1247110,1247110,1247109,LIMIT,BUY,1,370,2018-08-24T04:22:07.180,2018-08-24T04:22:07.185,,04:22:07.180,04:22:07,1,650,370,-280,00:11:15,675.173,1
pert-josh,M3@bmm,3,288,6535,3,567,NULL,1247111,1247111,1247111,1247118,LIMIT,BUY,1,415,2018-08-24T04:22:07.931,2018-08-24T04:22:18.875,,04:22:07.931,04:22:07,0,650,#N/A,#N/A,00:11:16,675.924,1
pert-josh,M5@bmm,5,288,6535,3,567,NULL,1247112,1247112,1247112,1247128,LIMIT,BUY,1,370,2018-08-24T04:22:10.592,2018-08-24T04:22:38.378,,04:22:10.592,04:22:10,0,650,#N/A,#N/A,00:11:19,678.585,1
pert-josh,M3@bmm,3,288,6535,3,567,NULL,1247113,1247113,1247113,0,LIMIT,BUY,1,810,2018-08-24T04:22:11.443,2018-08-24T04:22:11.450,,04:22:11.443,04:22:11,0,650,#N/A,#N/A,00:11:19,679.436,1
pert-josh,M3@bmm,3,288,6535,3,567,NULL,1247114,1247113,1247113,1247102,LIMIT,BUY,1,585,2018-08-24T04:22:11.447,2018-08-24T04:22:11.451,,04:22:11.447,04:22:11,1,650,585,-65,00:11:19,679.440,1
pert-josh,M7@bmm,7,288,6535,3,567,NULL,1247115,1247115,1247115,NULL,LIMIT,SELL,1,530,2018-08-24T04:22:12.663,2018-08-24T04:22:12.666,,04:22:12.663,04:22:12,0,650,#N/A,#N/A,00:11:21,680.656,-1
pert-josh,M5@bmm,5,288,6535,3,567,NULL,1247116,1247116,1247116,1247142,LIMIT,SELL,1,495,2018-08-24T04:22:17.464,2018-08-24T04:23:09.211,,04:22:17.464,04:22:17,0,650,#N/A,#N/A,00:11:25,685.457,-1
pert-josh,M7@bmm,7,288,6535,3,567,NULL,1247117,1247117,1247117,NULL,LIMIT,BUY,1,185,2018-08-24T04:22:17.935,2018-08-24T04:22:17.937,,04:22:17.935,04:22:17,0,650,#N/A,#N/A,00:11:26,685.928,1
pert-josh,M3@bmm,3,288,6535,3,567,NULL,1247118,1247111,1247111,1247111,CANCEL,BUY,1,415,2018-08-24T04:22:18.871,2018-08-24T04:22:18.875,,04:22:18.871,04:22:18,0,650,#N/A,#N/A,00:11:27,686.864,1
pert-josh,M6@bmm,6,288,6535,3,567,NULL,1247119,1247119,1247119,1247123,LIMIT,SELL,1,415,2018-08-24T04:22:20.562,2018-08-24T04:22:25.771,,04:22:20.562,04:22:20,0,650,#N/A,#N/A,00:11:29,688.555,-1
pert-josh,M7@bmm,7,288,6535,3,567,NULL,1247120,1247120,1247120,NULL,LIMIT,SELL,1,640,2018-08-24T04:22:21.677,2018-08-24T04:22:21.680,,04:22:21.677,04:22:21,0,650,#N/A,#N/A,00:11:30,689.670,-1
pert-josh,M4@bmm,4,288,6535,3,567,NULL,1247121,1247101,1247101,1247101,CANCEL,BUY,1,305,2018-08-24T04:22:23.752,2018-08-24T04:22:23.755,,04:22:23.752,04:22:23,0,650,#N/A,#N/A,00:11:32,691.745,1
pert-josh,M7@bmm,7,288,6535,3,567,NULL,1247122,1247122,1247122,NULL,LIMIT,SELL,1,680,2018-08-24T04:22:24.788,2018-08-24T04:22:24.790,,04:22:24.788,04:22:24,0,650,#N/A,#N/A,00:11:33,692.781,-1
pert-josh,M2@bmm,2,288,6535,3,567,NULL,1247123,1247123,1247123,1247119,LIMIT,BUY,1,415,2018-08-24T04:22:25.766,2018-08-24T04:22:25.771,,04:22:25.766,04:22:25,1,650,415,-235,00:11:34,693.759,1
pert-josh,M4@bmm,4,288,6535,3,567,NULL,1247124,1247124,1247124,NULL,LIMIT,BUY,1,340,2018-08-24T04:22:27.508,2018-08-24T04:22:27.510,,04:22:27.508,04:22:27,0,650,#N/A,#N/A,00:11:36,695.501,1
pert-josh,M4@bmm,4,288,6535,3,567,NULL,1247125,1247125,1247125,NULL,LIMIT,SELL,1,515,2018-08-24T04:22:33.105,2018-08-24T04:22:33.107,,04:22:33.105,04:22:33,0,650,#N/A,#N/A,00:11:41,701.098,-1
pert-josh,M7@bmm,7,288,6535,3,567,NULL,1247126,1247126,1247126,NULL,LIMIT,BUY,1,160,2018-08-24T04:22:35.464,2018-08-24T04:22:35.467,,04:22:35.464,04:22:35,0,650,#N/A,#N/A,00:11:43,703.457,1
pert-josh,M3@bmm,3,288,6535,3,567,NULL,1247127,1247127,1247127,0,LIMIT,SELL,1,10,2018-08-24T04:22:38.371,2018-08-24T04:22:38.378,,04:22:38.371,04:22:38,0,650,#N/A,#N/A,00:11:46,706.364,-1
pert-josh,M3@bmm,3,288,6535,3,567,NULL,1247128,1247127,1247127,1247112,LIMIT,SELL,1,370,2018-08-24T04:22:38.375,2018-08-24T04:22:38.378,,04:22:38.375,04:22:38,1,650,370,-280,00:11:46,706.368,-1
pert-josh,M7@bmm,7,288,6535,3,567,NULL,1247129,1247129,1247129,NULL,LIMIT,SELL,1,570,2018-08-24T04:22:41.434,2018-08-24T04:22:41.435,,04:22:41.434,04:22:41,0,650,#N/A,#N/A,00:11:49,709.427,-1
pert-josh,M4@bmm,4,288,6535,3,567,NULL,1247130,1247130,1247130,1247134,LIMIT,BUY,1,350,2018-08-24T04:22:43.290,2018-08-24T04:22:54.140,,04:22:43.290,04:22:43,0,650,#N/A,#N/A,00:11:51,711.283,1
pert-josh,M2@bmm,2,288,6535,3,567,NULL,1247131,1247131,1247131,1247132,LIMIT,SELL,1,395,2018-08-24T04:22:43.988,2018-08-24T04:22:47.274,,04:22:43.988,04:22:43,0,650,#N/A,#N/A,00:11:52,711.981,-1
pert-josh,M6@bmm,6,288,6535,3,567,NULL,1247132,1247132,1247132,1247131,LIMIT,BUY,1,395,2018-08-24T04:22:47.269,2018-08-24T04:22:47.274,,04:22:47.269,04:22:47,1,650,395,-255,00:11:55,715.262,1
pert-josh,M2@bmm,2,288,6535,3,567,NULL,1247133,1247133,1247133,0,LIMIT,SELL,1,5,2018-08-24T04:22:54.133,2018-08-24T04:22:54.140,,04:22:54.133,04:22:54,0,650,#N/A,#N/A,00:12:02,722.126,-1
pert-josh,M2@bmm,2,288,6535,3,567,NULL,1247134,1247133,1247133,1247130,LIMIT,SELL,1,350,2018-08-24T04:22:54.137,2018-08-24T04:22:54.140,,04:22:54.137,04:22:54,1,650,350,-300,00:12:02,722.130,-1
pert-josh,M7@bmm,7,288,6535,3,567,NULL,1247135,1247135,1247135,1247197,LIMIT,BUY,1,240,2018-08-24T04:22:56.328,2018-08-24T04:24:56.484,,04:22:56.328,04:22:56,0,650,#N/A,#N/A,00:12:04,724.321,1
pert-josh,M6@bmm,6,288,6535,3,567,NULL,1247136,1247136,1247136,1247164,LIMIT,SELL,1,500,2018-08-24T04:23:02.110,2018-08-24T04:23:35.991,,04:23:02.110,04:23:02,0,650,#N/A,#N/A,00:12:10,730.103,-1
pert-josh,M7@bmm,7,288,6535,3,567,NULL,1247137,1247137,1247137,NULL,LIMIT,SELL,1,605,2018-08-24T04:23:03.200,2018-08-24T04:23:03.202,,04:23:03.200,04:23:03,0,650,#N/A,#N/A,00:12:11,731.193,-1
pert-josh,M5@bmm,5,288,6535,3,567,NULL,1247138,1247138,1247138,1247207,LIMIT,SELL,1,495,2018-08-24T04:23:04.685,2018-08-24T04:25:15.316,,04:23:04.685,04:23:04,0,650,#N/A,#N/A,00:12:13,732.678,-1
pert-josh,M4@bmm,4,288,6535,3,567,NULL,1247139,1247139,1247139,1247141,LIMIT,BUY,1,345,2018-08-24T04:23:06.402,2018-08-24T04:23:08.322,,04:23:06.402,04:23:06,0,650,#N/A,#N/A,00:12:14,734.395,1
pert-josh,M3@bmm,3,288,6535,3,567,NULL,1247140,1247140,1247140,0,LIMIT,SELL,1,10,2018-08-24T04:23:08.315,2018-08-24T04:23:08.322,,04:23:08.315,04:23:08,0,650,#N/A,#N/A,00:12:16,736.308,-1
pert-josh,M3@bmm,3,288,6535,3,567,NULL,1247141,1247140,1247140,1247139,LIMIT,SELL,1,345,2018-08-24T04:23:08.319,2018-08-24T04:23:08.322,,04:23:08.319,04:23:08,1,650,345,-305,00:12:16,736.312,-1
pert-josh,M2@bmm,2,288,6535,3,567,NULL,1247142,1247142,1247142,1247116,LIMIT,BUY,1,495,2018-08-24T04:23:09.205,2018-08-24T04:23:09.211,,04:23:09.205,04:23:09,1,650,495,-155,00:12:17,737.198,1
pert-josh,M5@bmm,5,288,6535,3,567,NULL,1247143,1247143,1247143,1247206,LIMIT,SELL,1,495,2018-08-24T04:23:09.245,2018-08-24T04:25:14.844,,04:23:09.245,04:23:09,0,650,#N/A,#N/A,00:12:17,737.238,-1
pert-josh,M7@bmm,7,288,6535,3,567,NULL,1247144,1247144,1247144,NULL,LIMIT,SELL,1,620,2018-08-24T04:23:12.554,2018-08-24T04:23:12.557,,04:23:12.554,04:23:12,0,650,#N/A,#N/A,00:12:21,740.547,-1
pert-josh,M4@bmm,4,288,6535,3,567,NULL,1247145,1247145,1247145,NULL,LIMIT,BUY,1,345,2018-08-24T04:23:12.907,2018-08-24T04:23:12.909,,04:23:12.907,04:23:12,0,650,#N/A,#N/A,00:12:21,740.900,1
pert-josh,M2@bmm,2,288,6535,3,567,NULL,1247146,1247146,1247146,1247150,LIMIT,SELL,1,445,2018-08-24T04:23:16.676,2018-08-24T04:23:23.539,,04:23:16.676,04:23:16,0,650,#N/A,#N/A,00:12:25,744.669,-1
pert-josh,M7@bmm,7,288,6535,3,567,NULL,1247147,1247147,1247147,1247200,LIMIT,SELL,1,450,2018-08-24T04:23:19.248,2018-08-24T04:25:10.040,,04:23:19.248,04:23:19,0,650,#N/A,#N/A,00:12:27,747.241,-1
pert-josh,M5@bmm,5,288,6535,3,567,NULL,1247148,1247148,1247148,1247203,LIMIT,BUY,1,350,2018-08-24T04:23:21.295,2018-08-24T04:25:13.568,,04:23:21.295,04:23:21,0,650,#N/A,#N/A,00:12:29,749.288,1
pert-josh,M6@bmm,6,288,6535,3,567,NULL,1247150,1247150,1247150,1247146,LIMIT,BUY,1,445,2018-08-24T04:23:23.534,2018-08-24T04:23:23.539,,04:23:23.534,04:23:23,1,650,445,-205,00:12:32,751.527,1
pert-josh,M8@bmm,8,288,6535,3,567,NULL,1247152,1247152,1247152,1247160,LIMIT,BUY,1,5,2018-08-24T04:23:26.350,2018-08-24T04:23:30.232,,04:23:26.350,04:23:26,0,650,#N/A,#N/A,00:12:34,754.343,1
pert-josh,M5@bmm,5,288,6535,3,567,NULL,1247153,1247153,1247153,1247202,LIMIT,BUY,1,350,2018-08-24T04:23:26.356,2018-08-24T04:25:12.673,,04:23:26.356,04:23:26,0,650,#N/A,#N/A,00:12:34,754.349,1
pert-josh,M7@bmm,7,288,6535,3,567,NULL,1247154,1247154,1247154,NULL,LIMIT,SELL,1,510,2018-08-24T04:23:26.736,2018-08-24T04:23:26.739,,04:23:26.736,04:23:26,0,650,#N/A,#N/A,00:12:35,754.729,-1
pert-josh,M4@bmm,4,288,6535,3,567,NULL,1247155,1247155,1247155,1247158,LIMIT,BUY,1,355,2018-08-24T04:23:27.250,2018-08-24T04:23:29.051,,04:23:27.250,04:23:27,0,650,#N/A,#N/A,00:12:35,755.243,1
pert-josh,M3@bmm,3,288,6535,3,567,NULL,1247157,1247157,1247157,0,LIMIT,SELL,1,65,2018-08-24T04:23:29.043,2018-08-24T04:23:29.051,,04:23:29.043,04:23:29,0,650,#N/A,#N/A,00:12:37,757.036,-1
pert-josh,M3@bmm,3,288,6535,3,567,NULL,1247158,1247157,1247157,1247155,LIMIT,SELL,1,355,2018-08-24T04:23:29.048,2018-08-24T04:23:29.051,,04:23:29.048,04:23:29,1,650,355,-295,00:12:37,757.041,-1
pert-josh,M8@bmm,8,288,6535,3,567,NULL,1247160,1247152,1247152,1247152,CANCEL,BUY,1,5,2018-08-24T04:23:30.228,2018-08-24T04:23:30.232,,04:23:30.228,04:23:30,0,650,#N/A,#N/A,00:12:38,758.221,1
pert-josh,M2@bmm,2,288,6535,3,567,NULL,1247161,1247161,1247161,1247169,LIMIT,SELL,1,410,2018-08-24T04:23:30.516,2018-08-24T04:23:52.249,,04:23:30.516,04:23:30,0,650,#N/A,#N/A,00:12:39,758.509,-1
pert-josh,M7@bmm,7,288,6535,3,567,NULL,1247163,1247163,1247163,NULL,LIMIT,BUY,1,210,2018-08-24T04:23:33.065,2018-08-24T04:23:33.068,,04:23:33.065,04:23:33,0,650,#N/A,#N/A,00:12:41,761.058,1
pert-josh,M6@bmm,6,288,6535,3,567,NULL,1247164,1247136,1247136,1247136,CANCEL,SELL,1,500,2018-08-24T04:23:35.987,2018-08-24T04:23:35.991,,04:23:35.987,04:23:35,0,650,#N/A,#N/A,00:12:44,763.980,-1
pert-josh,M6@bmm,6,288,6535,3,567,NULL,1247166,1247166,1247166,1247212,LIMIT,SELL,1,445,2018-08-24T04:23:37.694,2018-08-24T04:25:27.851,,04:23:37.694,04:23:37,0,650,#N/A,#N/A,00:12:46,765.687,-1
pert-josh,M4@bmm,4,288,6535,3,567,NULL,1247167,1247167,1247167,1247175,LIMIT,BUY,1,355,2018-08-24T04:23:39.482,2018-08-24T04:24:01.813,,04:23:39.482,04:23:39,0,650,#N/A,#N/A,00:12:47,767.475,1
pert-josh,M7@bmm,7,288,6535,3,567,NULL,1247168,1247168,1247168,NULL,LIMIT,SELL,1,465,2018-08-24T04:23:44.602,2018-08-24T04:23:44.604,,04:23:44.602,04:23:44,0,650,#N/A,#N/A,00:12:53,772.595,-1
pert-josh,M2@bmm,2,288,6535,3,567,NULL,1247169,1247161,1247161,1247161,CANCEL,SELL,1,410,2018-08-24T04:23:52.243,2018-08-24T04:23:52.248,,04:23:52.243,04:23:52,0,650,#N/A,#N/A,00:13:00,780.236,-1
pert-josh,M5@bmm,5,288,6535,3,567,NULL,1247170,1247170,1247170,1247172,LIMIT,BUY,1,405,2018-08-24T04:23:54.343,2018-08-24T04:23:55.118,,04:23:54.343,04:23:54,0,650,#N/A,#N/A,00:13:02,782.336,1
pert-josh,M7@bmm,7,288,6535,3,567,NULL,1247171,1247171,1247171,0,LIMIT,SELL,1,400,2018-08-24T04:23:55.111,2018-08-24T04:23:55.118,,04:23:55.111,04:23:55,0,650,#N/A,#N/A,00:13:03,783.104,-1
pert-josh,M7@bmm,7,288,6535,3,567,NULL,1247172,1247171,1247171,1247170,LIMIT,SELL,1,405,2018-08-24T04:23:55.115,2018-08-24T04:23:55.118,,04:23:55.115,04:23:55,1,650,405,-245,00:13:03,783.108,-1
pert-josh,M7@bmm,7,288,6535,3,567,NULL,1247173,1247173,1247173,1247177,LIMIT,SELL,1,405,2018-08-24T04:23:59.025,2018-08-24T04:24:05.772,,04:23:59.025,04:23:59,0,650,#N/A,#N/A,00:13:07,787.018,-1
pert-josh,M2@bmm,2,288,6535,3,567,NULL,1247174,1247174,1247174,0,LIMIT,SELL,1,5,2018-08-24T04:24:01.804,2018-08-24T04:24:01.812,,04:24:01.804,04:24:01,0,650,#N/A,#N/A,00:13:10,789.797,-1
pert-josh,M2@bmm,2,288,6535,3,567,NULL,1247175,1247174,1247174,1247167,LIMIT,SELL,1,355,2018-08-24T04:24:01.809,2018-08-24T04:24:01.813,,04:24:01.809,04:24:01,1,650,355,-295,00:13:10,789.802,-1
pert-josh,M4@bmm,4,288,6535,3,567,NULL,1247176,1247176,1247176,NULL,LIMIT,BUY,1,355,2018-08-24T04:24:03.060,2018-08-24T04:24:03.062,,04:24:03.060,04:24:03,0,650,#N/A,#N/A,00:13:11,791.053,1
pert-josh,M1@bmm,1,288,6535,3,567,NULL,1247177,1247177,1247177,1247173,LIMIT,BUY,1,405,2018-08-24T04:24:05.767,2018-08-24T04:24:05.772,,04:24:05.767,04:24:05,1,650,405,-245,00:13:14,793.760,1
pert-josh,M7@bmm,7,288,6535,3,567,NULL,1247178,1247178,1247178,1247179,LIMIT,SELL,1,435,2018-08-24T04:24:08.633,2018-08-24T04:24:15.307,,04:24:08.633,04:24:08,0,650,#N/A,#N/A,00:13:17,796.626,-1
pert-josh,M2@bmm,2,288,6535,3,567,NULL,1247179,1247179,1247179,1247178,LIMIT,BUY,1,435,2018-08-24T04:24:15.302,2018-08-24T04:24:15.307,,04:24:15.302,04:24:15,1,650,435,-215,00:13:23,803.295,1
pert-josh,M7@bmm,7,288,6535,3,567,NULL,1247180,1247180,1247180,NULL,LIMIT,SELL,1,475,2018-08-24T04:24:19.933,2018-08-24T04:24:19.936,,04:24:19.933,04:24:19,0,650,#N/A,#N/A,00:13:28,807.926,-1
pert-josh,M5@bmm,5,288,6535,3,567,NULL,1247181,1247181,1247181,NULL,LIMIT,SELL,1,440,2018-08-24T04:24:29.576,2018-08-24T04:24:29.578,,04:24:29.576,04:24:29,0,650,#N/A,#N/A,00:13:38,817.569,-1
pert-josh,M7@bmm,7,288,6535,3,567,NULL,1247182,1247182,1247182,NULL,LIMIT,BUY,1,195,2018-08-24T04:24:33.444,2018-08-24T04:24:33.446,,04:24:33.444,04:24:33,0,650,#N/A,#N/A,00:13:41,821.437,1
pert-josh,M7@bmm,7,288,6535,3,567,NULL,1247186,1247186,1247186,1247208,LIMIT,SELL,1,475,2018-08-24T04:24:40.568,2018-08-24T04:25:17.344,,04:24:40.568,04:24:40,0,650,#N/A,#N/A,00:13:49,828.561,-1
pert-josh,M7@bmm,7,288,6535,3,567,NULL,1247196,1247196,1247196,1247198,LIMIT,BUY,1,210,2018-08-24T04:24:50.508,2018-08-24T04:25:05.535,,04:24:50.508,04:24:50,0,650,#N/A,#N/A,00:13:59,838.501,1
pert-josh,M7@bmm,7,288,6535,3,567,NULL,1247197,1247135,1247135,1247135,CANCEL,BUY,1,240,2018-08-24T04:24:56.480,2018-08-24T04:24:56.484,,04:24:56.480,04:24:56,0,650,#N/A,#N/A,00:14:04,844.473,1
pert-josh,M7@bmm,7,288,6535,3,567,NULL,1247198,1247196,1247196,1247196,CANCEL,BUY,1,210,2018-08-24T04:25:05.531,2018-08-24T04:25:05.535,,04:25:05.531,04:25:05,0,650,#N/A,#N/A,00:14:14,853.524,1
pert-josh,M7@bmm,7,288,6535,3,567,NULL,1247200,1247147,1247147,1247147,CANCEL,SELL,1,450,2018-08-24T04:25:10.035,2018-08-24T04:25:10.039,,04:25:10.035,04:25:10,0,650,#N/A,#N/A,00:14:18,858.028,-1
pert-josh,M5@bmm,5,288,6535,3,567,NULL,1247201,1247201,1247201,1247205,LIMIT,BUY,1,360,2018-08-24T04:25:10.936,2018-08-24T04:25:14.749,,04:25:10.936,04:25:10,0,650,#N/A,#N/A,00:14:19,858.929,1
pert-josh,M5@bmm,5,288,6535,3,567,NULL,1247202,1247153,1247153,1247153,CANCEL,BUY,1,350,2018-08-24T04:25:12.669,2018-08-24T04:25:12.672,,04:25:12.669,04:25:12,0,650,#N/A,#N/A,00:14:21,860.662,1
pert-josh,M5@bmm,5,288,6535,3,567,NULL,1247203,1247148,1247148,1247148,CANCEL,BUY,1,350,2018-08-24T04:25:13.564,2018-08-24T04:25:13.568,,04:25:13.564,04:25:13,0,650,#N/A,#N/A,00:14:22,861.557,1
pert-josh,M3@bmm,3,288,6535,3,567,NULL,1247204,1247204,1247204,0,LIMIT,SELL,1,10,2018-08-24T04:25:14.742,2018-08-24T04:25:14.749,,04:25:14.742,04:25:14,0,650,#N/A,#N/A,00:14:23,862.735,-1
pert-josh,M3@bmm,3,288,6535,3,567,NULL,1247205,1247204,1247204,1247201,LIMIT,SELL,1,360,2018-08-24T04:25:14.746,2018-08-24T04:25:14.749,,04:25:14.746,04:25:14,1,650,360,-290,00:14:23,862.739,-1
pert-josh,M5@bmm,5,288,6535,3,567,NULL,1247206,1247143,1247143,1247143,CANCEL,SELL,1,495,2018-08-24T04:25:14.839,2018-08-24T04:25:14.843,,04:25:14.839,04:25:14,0,650,#N/A,#N/A,00:14:23,862.832,-1
pert-josh,M5@bmm,5,288,6535,3,567,NULL,1247207,1247138,1247138,1247138,CANCEL,SELL,1,495,2018-08-24T04:25:15.312,2018-08-24T04:25:15.316,,04:25:15.312,04:25:15,0,650,#N/A,#N/A,00:14:23,863.305,-1
pert-josh,M7@bmm,7,288,6535,3,567,NULL,1247208,1247186,1247186,1247186,CANCEL,SELL,1,475,2018-08-24T04:25:17.340,2018-08-24T04:25:17.344,,04:25:17.340,04:25:17,0,650,#N/A,#N/A,00:14:25,865.333,-1
pert-josh,M7@bmm,7,288,6535,3,567,NULL,1247209,1247209,1247209,NULL,LIMIT,SELL,1,495,2018-08-24T04:25:22.658,2018-08-24T04:25:22.660,,04:25:22.658,04:25:22,0,650,#N/A,#N/A,00:14:31,870.651,-1
pert-josh,M4@bmm,4,288,6535,3,567,NULL,1247210,1247210,1247210,1247217,LIMIT,BUY,1,390,2018-08-24T04:25:23.035,2018-08-24T04:25:39.837,,04:25:23.035,04:25:23,0,650,#N/A,#N/A,00:14:31,871.028,1
pert-josh,M6@bmm,6,288,6535,3,567,NULL,1247211,1247211,1247211,1247214,LIMIT,SELL,1,435,2018-08-24T04:25:26.386,2018-08-24T04:25:33.112,,04:25:26.386,04:25:26,0,650,#N/A,#N/A,00:14:34,874.379,-1
pert-josh,M6@bmm,6,288,6535,3,567,NULL,1247212,1247166,1247166,1247166,CANCEL,SELL,1,445,2018-08-24T04:25:27.840,2018-08-24T04:25:27.851,,04:25:27.840,04:25:27,0,650,#N/A,#N/A,00:14:36,875.833,-1
pert-josh,M7@bmm,7,288,6535,3,567,NULL,1247213,1247213,1247213,NULL,LIMIT,SELL,1,450,2018-08-24T04:25:28.132,2018-08-24T04:25:28.135,,04:25:28.132,04:25:28,0,650,#N/A,#N/A,00:14:36,876.125,-1
pert-josh,M1@bmm,1,288,6535,3,567,NULL,1247214,1247214,1247214,1247211,LIMIT,BUY,1,435,2018-08-24T04:25:33.107,2018-08-24T04:25:33.112,,04:25:33.107,04:25:33,1,650,435,-215,00:14:41,881.100,1
pert-josh,M5@bmm,5,288,6535,3,567,NULL,1247215,1247215,1247215,NULL,LIMIT,SELL,1,435,2018-08-24T04:25:37.616,2018-08-24T04:25:37.618,,04:25:37.616,04:25:37,0,650,#N/A,#N/A,00:14:46,885.609,-1
pert-josh,M3@bmm,3,288,6535,3,567,NULL,1247216,1247216,1247216,0,LIMIT,SELL,1,5,2018-08-24T04:25:39.828,2018-08-24T04:25:39.837,,04:25:39.828,04:25:39,0,650,#N/A,#N/A,00:14:48,887.821,-1
pert-josh,M3@bmm,3,288,6535,3,567,NULL,1247217,1247216,1247216,1247210,LIMIT,SELL,1,390,2018-08-24T04:25:39.834,2018-08-24T04:25:39.837,,04:25:39.834,04:25:39,1,650,390,-260,00:14:48,887.827,-1
pert-josh,M5@bmm,5,288,6535,3,567,NULL,1247218,1247218,1247218,NULL,LIMIT,SELL,1,430,2018-08-24T04:25:40.152,2018-08-24T04:25:40.154,,04:25:40.152,04:25:40,0,650,#N/A,#N/A,00:14:48,888.145,-1
pert-josh,M7@bmm,7,288,6535,3,567,NULL,1247219,1247219,1247219,NULL,LIMIT,BUY,1,215,2018-08-24T04:25:43.717,2018-08-24T04:25:43.719,,04:25:43.717,04:25:43,0,650,#N/A,#N/A,00:14:52,891.710,1
pert-josh,M4@bmm,4,288,6535,3,567,NULL,1247220,1247220,1247220,NULL,LIMIT,BUY,1,370,2018-08-24T04:25:46.387,2018-08-24T04:25:46.390,,04:25:46.387,04:25:46,0,650,#N/A,#N/A,00:14:54,894.380,1
pert-josh,M5@bmm,5,288,6536,4,567,NULL,1247222,1247222,1247222,1247336,LIMIT,SELL,1,515,2018-08-24T04:26:26.639,2018-08-24T04:29:49.728,,04:26:26.639,04:26:26,0,600,#N/A,#N/A,00:15:35,934.632,-1
pert-josh,M4@bmm,4,288,6536,4,567,NULL,1247223,1247223,1247223,1247258,LIMIT,BUY,1,305,2018-08-24T04:26:26.988,2018-08-24T04:27:36.750,,04:26:26.988,04:26:26,0,600,#N/A,#N/A,00:15:35,934.981,1
pert-josh,M5@bmm,5,288,6536,4,567,NULL,1247225,1247225,1247225,1247330,LIMIT,BUY,1,320,2018-08-24T04:26:29.865,2018-08-24T04:29:46.119,,04:26:29.865,04:26:29,0,600,#N/A,#N/A,00:15:38,937.858,1
pert-josh,M7@bmm,7,288,6536,4,567,NULL,1247227,1247227,1247227,NULL,LIMIT,SELL,1,530,2018-08-24T04:26:32.665,2018-08-24T04:26:32.667,,04:26:32.665,04:26:32,0,600,#N/A,#N/A,00:15:41,940.658,-1
pert-josh,M4@bmm,4,288,6536,4,567,NULL,1247228,1247228,1247228,1247230,LIMIT,BUY,1,330,2018-08-24T04:26:34.061,2018-08-24T04:26:39.281,,04:26:34.061,04:26:34,0,600,#N/A,#N/A,00:15:42,942.054,1
pert-josh,M2@bmm,2,288,6536,4,567,NULL,1247229,1247229,1247229,0,LIMIT,SELL,1,5,2018-08-24T04:26:39.274,2018-08-24T04:26:39.281,,04:26:39.274,04:26:39,0,600,#N/A,#N/A,00:15:47,947.267,-1
pert-josh,M2@bmm,2,288,6536,4,567,NULL,1247230,1247229,1247229,1247228,LIMIT,SELL,1,330,2018-08-24T04:26:39.278,2018-08-24T04:26:39.281,,04:26:39.278,04:26:39,1,600,330,-270,00:15:47,947.271,-1
pert-josh,M6@bmm,6,288,6536,4,567,NULL,1247231,1247231,1247231,1247238,LIMIT,SELL,1,460,2018-08-24T04:26:40.652,2018-08-24T04:26:53.844,,04:26:40.652,04:26:40,0,600,#N/A,#N/A,00:15:49,948.645,-1
pert-josh,M4@bmm,4,288,6536,4,567,NULL,1247232,1247232,1247232,1247260,LIMIT,BUY,1,330,2018-08-24T04:26:41.147,2018-08-24T04:27:39.435,,04:26:41.147,04:26:41,0,600,#N/A,#N/A,00:15:49,949.140,1
pert-josh,M7@bmm,7,288,6536,4,567,NULL,1247233,1247233,1247233,NULL,LIMIT,BUY,1,365,2018-08-24T04:26:41.184,2018-08-24T04:26:41.186,,04:26:41.184,04:26:41,0,600,#N/A,#N/A,00:15:49,949.177,1
pert-josh,M7@bmm,7,288,6536,4,567,NULL,1247234,1247234,1247234,1247321,LIMIT,SELL,1,585,2018-08-24T04:26:45.995,2018-08-24T04:29:35.441,,04:26:45.995,04:26:45,0,600,#N/A,#N/A,00:15:54,953.988,-1
pert-josh,M6@bmm,6,288,6536,4,567,NULL,1247236,1247236,1247236,1247271,LIMIT,SELL,1,500,2018-08-24T04:26:52.701,2018-08-24T04:27:59.641,,04:26:52.701,04:26:52,0,600,#N/A,#N/A,00:16:01,960.694,-1
pert-josh,M6@bmm,6,288,6536,4,567,NULL,1247238,1247231,1247231,1247231,CANCEL,SELL,1,460,2018-08-24T04:26:53.840,2018-08-24T04:26:53.844,,04:26:53.840,04:26:53,0,600,#N/A,#N/A,00:16:02,961.833,-1
pert-josh,M7@bmm,7,288,6536,4,567,NULL,1247240,1247240,1247240,NULL,LIMIT,BUY,1,205,2018-08-24T04:26:57.648,2018-08-24T04:26:57.651,,04:26:57.648,04:26:57,0,600,#N/A,#N/A,00:16:06,965.641,1
pert-josh,M7@bmm,7,288,6536,4,567,NULL,1247244,1247244,1247244,1247337,LIMIT,SELL,1,560,2018-08-24T04:27:06.979,2018-08-24T04:29:49.876,,04:27:06.979,04:27:06,0,600,#N/A,#N/A,00:16:15,974.972,-1
pert-josh,M5@bmm,5,288,6536,4,567,NULL,1247245,1247245,1247245,1247332,LIMIT,BUY,1,370,2018-08-24T04:27:09.320,2018-08-24T04:29:47.143,,04:27:09.320,04:27:09,0,600,#N/A,#N/A,00:16:17,977.313,1
pert-josh,M4@bmm,4,288,6536,4,567,NULL,1247246,1247246,1247246,1247253,LIMIT,SELL,1,635,2018-08-24T04:27:15.508,2018-08-24T04:27:23.204,,04:27:15.508,04:27:15,0,600,#N/A,#N/A,00:16:24,983.501,-1
pert-josh,M5@bmm,5,288,6536,4,567,NULL,1247247,1247247,1247247,1247328,LIMIT,BUY,1,370,2018-08-24T04:27:17.735,2018-08-24T04:29:45.056,,04:27:17.735,04:27:17,0,600,#N/A,#N/A,00:16:26,985.728,1
pert-josh,M8@bmm,8,288,6536,4,567,NULL,1247248,1247248,1247248,1247250,LIMIT,BUY,1,50,2018-08-24T04:27:18.016,2018-08-24T04:27:20.051,,04:27:18.016,04:27:18,0,600,#N/A,#N/A,00:16:26,986.009,1
pert-josh,M4@bmm,4,288,6536,4,567,NULL,1247249,1247249,1247249,NULL,LIMIT,SELL,1,490,2018-08-24T04:27:19.172,2018-08-24T04:27:19.174,,04:27:19.172,04:27:19,0,600,#N/A,#N/A,00:16:27,987.165,-1
pert-josh,M8@bmm,8,288,6536,4,567,NULL,1247250,1247248,1247248,1247248,CANCEL,BUY,1,50,2018-08-24T04:27:20.046,2018-08-24T04:27:20.051,,04:27:20.046,04:27:20,0,600,#N/A,#N/A,00:16:28,988.039,1
pert-josh,M7@bmm,7,288,6536,4,567,NULL,1247251,1247251,1247251,1247320,LIMIT,SELL,1,560,2018-08-24T04:27:21.183,2018-08-24T04:29:34.347,,04:27:21.183,04:27:21,0,600,#N/A,#N/A,00:16:29,989.176,-1
pert-josh,M8@bmm,8,288,6536,4,567,NULL,1247252,1247252,1247252,1247277,LIMIT,BUY,1,50,2018-08-24T04:27:22.801,2018-08-24T04:28:09.587,,04:27:22.801,04:27:22,0,600,#N/A,#N/A,00:16:31,990.794,1
pert-josh,M4@bmm,4,288,6536,4,567,NULL,1247253,1247246,1247246,1247246,CANCEL,SELL,1,635,2018-08-24T04:27:23.200,2018-08-24T04:27:23.204,,04:27:23.200,04:27:23,0,600,#N/A,#N/A,00:16:31,991.193,-1
pert-josh,M7@bmm,7,288,6536,4,567,NULL,1247254,1247254,1247254,NULL,LIMIT,BUY,1,195,2018-08-24T04:27:29.164,2018-08-24T04:27:29.167,,04:27:29.164,04:27:29,0,600,#N/A,#N/A,00:16:37,997.157,1
pert-josh,M5@bmm,5,288,6536,4,567,NULL,1247255,1247255,1247255,1247276,LIMIT,SELL,1,485,2018-08-24T04:27:31.792,2018-08-24T04:28:08.098,,04:27:31.792,04:27:31,0,600,#N/A,#N/A,00:16:40,999.785,-1
pert-josh,M5@bmm,5,288,6536,4,567,NULL,1247256,1247256,1247256,1247333,LIMIT,SELL,1,485,2018-08-24T04:27:32.640,2018-08-24T04:29:48.630,,04:27:32.640,04:27:32,0,600,#N/A,#N/A,00:16:41,1000.633,-1
pert-josh,M4@bmm,4,288,6536,4,567,NULL,1247257,1247257,1247257,1247265,LIMIT,BUY,1,375,2018-08-24T04:27:33.459,2018-08-24T04:27:50.645,,04:27:33.459,04:27:33,0,600,#N/A,#N/A,00:16:41,1001.452,1
pert-josh,M4@bmm,4,288,6536,4,567,NULL,1247258,1247223,1247223,1247223,CANCEL,BUY,1,305,2018-08-24T04:27:36.746,2018-08-24T04:27:36.750,,04:27:36.746,04:27:36,0,600,#N/A,#N/A,00:16:45,1004.739,1
pert-josh,M7@bmm,7,288,6536,4,567,NULL,1247259,1247259,1247259,1247352,LIMIT,SELL,1,540,2018-08-24T04:27:39.307,2018-08-24T04:30:05.071,,04:27:39.307,04:27:39,0,600,#N/A,#N/A,00:16:47,1007.300,-1
pert-josh,M4@bmm,4,288,6536,4,567,NULL,1247260,1247232,1247232,1247232,CANCEL,BUY,1,330,2018-08-24T04:27:39.431,2018-08-24T04:27:39.435,,04:27:39.431,04:27:39,0,600,#N/A,#N/A,00:16:47,1007.424,1
pert-josh,M7@bmm,7,288,6536,4,567,NULL,1247261,1247261,1247261,NULL,LIMIT,BUY,1,230,2018-08-24T04:27:45.313,2018-08-24T04:27:45.315,,04:27:45.313,04:27:45,0,600,#N/A,#N/A,00:16:53,1013.306,1
pert-josh,M4@bmm,4,288,6536,4,567,NULL,1247262,1247262,1247262,1247264,LIMIT,BUY,1,405,2018-08-24T04:27:46.163,2018-08-24T04:27:50.395,,04:27:46.163,04:27:46,0,600,#N/A,#N/A,00:16:54,1014.156,1
pert-josh,M3@bmm,3,288,6536,4,567,NULL,1247263,1247263,1247263,0,LIMIT,SELL,1,20,2018-08-24T04:27:50.386,2018-08-24T04:27:50.395,,04:27:50.386,04:27:50,0,600,#N/A,#N/A,00:16:58,1018.379,-1
pert-josh,M3@bmm,3,288,6536,4,567,NULL,1247264,1247263,1247263,1247262,LIMIT,SELL,1,405,2018-08-24T04:27:50.392,2018-08-24T04:27:50.395,,04:27:50.392,04:27:50,1,600,405,-195,00:16:58,1018.385,-1
pert-josh,M4@bmm,4,288,6536,4,567,NULL,1247265,1247257,1247257,1247257,CANCEL,BUY,1,375,2018-08-24T04:27:50.641,2018-08-24T04:27:50.645,,04:27:50.641,04:27:50,0,600,#N/A,#N/A,00:16:59,1018.634,1
pert-josh,M4@bmm,4,288,6536,4,567,NULL,1247266,1247266,1247266,1247269,LIMIT,BUY,1,405,2018-08-24T04:27:52.594,2018-08-24T04:27:54.707,,04:27:52.594,04:27:52,0,600,#N/A,#N/A,00:17:01,1020.587,1
pert-josh,M7@bmm,7,288,6536,4,567,NULL,1247267,1247267,1247267,1247302,LIMIT,SELL,1,620,2018-08-24T04:27:53.490,2018-08-24T04:29:09.416,,04:27:53.490,04:27:53,0,600,#N/A,#N/A,00:17:01,1021.483,-1
pert-josh,M3@bmm,3,288,6536,4,567,NULL,1247268,1247268,1247268,0,LIMIT,SELL,1,20,2018-08-24T04:27:54.699,2018-08-24T04:27:54.707,,04:27:54.699,04:27:54,0,600,#N/A,#N/A,00:17:03,1022.692,-1
pert-josh,M3@bmm,3,288,6536,4,567,NULL,1247269,1247268,1247268,1247266,LIMIT,SELL,1,405,2018-08-24T04:27:54.704,2018-08-24T04:27:54.707,,04:27:54.704,04:27:54,1,600,405,-195,00:17:03,1022.697,-1
pert-josh,M4@bmm,4,288,6536,4,567,NULL,1247270,1247270,1247270,NULL,LIMIT,BUY,1,390,2018-08-24T04:27:57.996,2018-08-24T04:27:57.998,,04:27:57.996,04:27:57,0,600,#N/A,#N/A,00:17:06,1025.989,1
pert-josh,M6@bmm,6,288,6536,4,567,NULL,1247271,1247236,1247236,1247236,CANCEL,SELL,1,500,2018-08-24T04:27:59.637,2018-08-24T04:27:59.641,,04:27:59.637,04:27:59,0,600,#N/A,#N/A,00:17:08,1027.630,-1
