account,email,owner,marketplace,session,period,market,target,order,original,supplier,consumer,type,side,units,price,createdDate,lastModifiedDate,16. just time,17. just second,,trade,fair value,trade price,mispricing,time mins,time secs,buy/sell
pert-josh,M1@bmm,4564,433,8610,1,814,NULL,2815923,2815923,2815923,2815924,LIMIT,BUY,1,610,2019-03-29T03:56:22.758,2019-03-29T03:56:30.607,,03:56:22.758,03:56:22.758,0,750,#N/A,#N/A,00:00:00,0,1
pert-josh,M3@bmm,4566,433,8610,1,814,NULL,2815924,2815924,2815924,2815923,LIMIT,SELL,1,610,2019-03-29T03:56:30.601,2019-03-29T03:56:30.607,,03:56:30.601,03:56:30.601,1,750,610,-140,00:00:08,7.843,-1
pert-josh,M5@bmm,4568,433,8610,1,814,NULL,2815928,2815927,2815927,2815921,LIMIT,SELL,1,510,2019-03-29T03:56:33.941,2019-03-29T03:56:33.946,,03:56:33.941,03:56:33.941,1,750,510,-240,00:00:11,11.183,-1
pert-josh,M8@bmm,4571,433,8610,1,814,NULL,2815929,2815929,2815929,2815930,LIMIT,SELL,1,510,2019-03-29T03:56:43.082,2019-03-29T03:56:43.096,,03:56:43.082,03:56:43.082,0,750,#N/A,#N/A,00:00:20,20.324,-1
pert-josh,M6@bmm,4569,433,8610,1,814,NULL,2815930,2815926,2815926,2815929,LIMIT,BUY,1,510,2019-03-29T03:56:43.089,2019-03-29T03:56:43.096,,03:56:43.089,03:56:43.089,1,750,510,-240,00:00:20,20.331,1
pert-josh,M6@bmm,4569,433,8610,1,814,NULL,2815931,2815926,2815926,2815934,LIMIT,BUY,1,510,2019-03-29T03:56:32.482,2019-03-29T03:56:48.344,,03:56:32.482,03:56:32.482,0,750,#N/A,#N/A,00:00:10,9.724,1
pert-josh,M4@bmm,4567,433,8610,1,814,NULL,2815932,2815932,2815932,2815936,LIMIT,SELL,1,535,2019-03-29T03:56:44.524,2019-03-29T03:56:53.061,,03:56:44.524,03:56:44.524,0,750,#N/A,#N/A,00:00:22,21.766,-1
pert-josh,M8@bmm,4571,433,8610,1,814,NULL,2815934,2815934,2815934,2815931,LIMIT,SELL,1,510,2019-03-29T03:56:48.338,2019-03-29T03:56:48.344,,03:56:48.338,03:56:48.338,1,750,510,-240,00:00:26,25.58,-1
pert-josh,M5@bmm,4568,433,8610,1,814,NULL,2815936,2815936,2815936,2815932,LIMIT,BUY,1,535,2019-03-29T03:56:53.055,2019-03-29T03:56:53.061,,03:56:53.055,03:56:53.055,1,750,535,-215,00:00:30,30.297,1
pert-josh,M8@bmm,4571,433,8610,1,814,NULL,2815937,2815937,2815937,2815938,LIMIT,SELL,1,510,2019-03-29T03:56:57.702,2019-03-29T03:56:57.715,,03:56:57.702,03:56:57.702,0,750,#N/A,#N/A,00:00:35,34.944,-1
pert-josh,M6@bmm,4569,433,8610,1,814,NULL,2815938,2815935,2815935,2815937,LIMIT,BUY,1,510,2019-03-29T03:56:57.709,2019-03-29T03:56:57.716,,03:56:57.709,03:56:57.709,1,750,510,-240,00:00:35,34.951,1
pert-josh,M6@bmm,4569,433,8610,1,814,NULL,2815939,2815935,2815935,2815940,LIMIT,BUY,1,510,2019-03-29T03:56:48.422,2019-03-29T03:56:58.752,,03:56:48.422,03:56:48.422,0,750,#N/A,#N/A,00:00:26,25.664,1
pert-josh,M8@bmm,4571,433,8610,1,814,NULL,2815940,2815940,2815940,2815939,LIMIT,SELL,1,510,2019-03-29T03:56:58.745,2019-03-29T03:56:58.752,,03:56:58.745,03:56:58.745,1,750,510,-240,00:00:36,35.987,-1
pert-josh,M1@bmm,4564,433,8610,1,814,NULL,2815941,2815941,2815941,2815942,LIMIT,BUY,1,605,2019-03-29T03:57:03.607,2019-03-29T03:57:03.621,,03:57:03.607,03:57:03.607,0,750,#N/A,#N/A,00:00:41,40.849,1
pert-josh,M7@bmm,4570,433,8610,1,814,NULL,2815942,2815933,2815933,2815941,LIMIT,SELL,1,605,2019-03-29T03:57:03.614,2019-03-29T03:57:03.621,,03:57:03.614,03:57:03.614,1,750,605,-145,00:00:41,40.856,-1
pert-josh,M6@bmm,4569,433,8610,1,814,NULL,2815963,2815963,2815963,NULL,LIMIT,SELL,2,605,2019-03-29T03:57:51.410,2019-03-29T03:57:51.414,,03:57:51.410,03:57:51.410,0,750,#N/A,#N/A,00:01:29,88.652,-1
pert-josh,M8@bmm,4571,433,8610,1,814,NULL,2815965,2815965,2815965,2815966,LIMIT,SELL,1,520,2019-03-29T03:58:00.815,2019-03-29T03:58:06.304,,03:58:00.815,03:58:00.815,0,750,#N/A,#N/A,00:01:38,98.057,-1
pert-josh,M5@bmm,4568,433,8610,1,814,NULL,2815966,2815966,2815966,2815965,LIMIT,BUY,1,520,2019-03-29T03:58:06.296,2019-03-29T03:58:06.304,,03:58:06.296,03:58:06.296,1,750,520,-230,00:01:44,103.538,1
pert-josh,M8@bmm,4571,433,8610,1,814,NULL,2815967,2815967,2815967,2815971,LIMIT,SELL,1,550,2019-03-29T03:58:11.883,2019-03-29T03:58:18.503,,03:58:11.883,03:58:11.883,0,750,#N/A,#N/A,00:01:49,109.125,-1
pert-josh,M4@bmm,4567,433,8610,1,814,NULL,2815971,2815971,2815971,2815967,LIMIT,BUY,1,550,2019-03-29T03:58:18.496,2019-03-29T03:58:18.503,,03:58:18.496,03:58:18.496,1,750,550,-200,00:01:56,115.738,1
pert-josh,M1@bmm,4564,433,8610,1,814,NULL,2815972,2815972,2815972,2815976,LIMIT,BUY,1,550,2019-03-29T03:58:18.574,2019-03-29T03:58:22.964,,03:58:18.574,03:58:18.574,0,750,#N/A,#N/A,00:01:56,115.816,1
pert-josh,M7@bmm,4570,433,8610,1,814,NULL,2815973,2815973,2815973,NULL,LIMIT,SELL,2,590,2019-03-29T03:58:19.307,2019-03-29T03:58:19.311,,03:58:19.307,03:58:19.307,0,750,#N/A,#N/A,00:01:57,116.549,-1
pert-josh,M8@bmm,4571,433,8610,1,814,NULL,2815976,2815976,2815976,2815972,LIMIT,SELL,1,550,2019-03-29T03:58:22.957,2019-03-29T03:58:22.964,,03:58:22.957,03:58:22.957,1,750,550,-200,00:02:00,120.199,-1
pert-josh,M7@bmm,4570,433,8610,1,814,NULL,2815979,2815979,2815979,NULL,LIMIT,SELL,1,580,2019-03-29T03:58:31.285,2019-03-29T03:58:31.288,,03:58:31.285,03:58:31.285,0,750,#N/A,#N/A,00:02:09,128.527,-1
pert-josh,M5@bmm,4568,433,8610,1,814,NULL,2815985,2815985,2815985,2815989,LIMIT,BUY,1,520,2019-03-29T03:58:46.289,2019-03-29T03:58:49.948,,03:58:46.289,03:58:46.289,0,750,#N/A,#N/A,00:02:24,143.531,1
pert-josh,M7@bmm,4570,433,8610,1,814,NULL,2815986,2815986,2815986,NULL,LIMIT,SELL,1,570,2019-03-29T03:58:46.488,2019-03-29T03:58:46.491,,03:58:46.488,03:58:46.488,0,750,#N/A,#N/A,00:02:24,143.73,-1
pert-josh,M6@bmm,4569,433,8610,1,814,NULL,2815987,2815987,2815987,NULL,LIMIT,BUY,2,480,2019-03-29T03:58:47.057,2019-03-29T03:58:47.061,,03:58:47.057,03:58:47.057,0,750,#N/A,#N/A,00:02:24,144.299,1
pert-josh,M4@bmm,4567,433,8610,1,814,NULL,2815989,2815988,2815988,2815985,LIMIT,SELL,1,520,2019-03-29T03:58:49.944,2019-03-29T03:58:49.948,,03:58:49.944,03:58:49.944,1,750,520,-230,00:02:27,147.186,-1
pert-josh,M8@bmm,4571,433,8610,1,814,NULL,2815990,2815990,2815990,NULL,LIMIT,BUY,1,510,2019-03-29T03:58:55.458,2019-03-29T03:58:55.461,,03:58:55.458,03:58:55.458,0,750,#N/A,#N/A,00:02:33,152.7,1
pert-josh,M8@bmm,4571,433,8610,1,814,NULL,2815991,2815991,2815991,NULL,LIMIT,BUY,1,520,2019-03-29T03:58:58.475,2019-03-29T03:58:58.478,,03:58:58.475,03:58:58.475,0,750,#N/A,#N/A,00:02:36,155.717,1
pert-josh,M8@bmm,4571,433,8610,1,814,NULL,2815992,2815992,2815992,2816004,LIMIT,BUY,1,525,2019-03-29T03:59:02.284,2019-03-29T03:59:19.335,,03:59:02.284,03:59:02.284,0,750,#N/A,#N/A,00:02:40,159.526,1
pert-josh,M8@bmm,4571,433,8610,1,814,NULL,2815993,2815993,2815993,2816001,LIMIT,BUY,1,530,2019-03-29T03:59:03.978,2019-03-29T03:59:15.619,,03:59:03.978,03:59:03.978,0,750,#N/A,#N/A,00:02:41,161.22,1
pert-josh,M8@bmm,4571,433,8610,1,814,NULL,2815996,2815996,2815996,2815999,LIMIT,SELL,1,540,2019-03-29T03:59:09.105,2019-03-29T03:59:14.686,,03:59:09.105,03:59:09.105,0,750,#N/A,#N/A,00:02:46,166.347,-1
pert-josh,M7@bmm,4570,433,8610,1,814,NULL,2815997,2815997,2815997,2815998,LIMIT,BUY,1,535,2019-03-29T03:59:10.262,2019-03-29T03:59:12.233,,03:59:10.262,03:59:10.262,0,750,#N/A,#N/A,00:02:48,167.504,1
pert-josh,M8@bmm,4571,433,8610,1,814,NULL,2815998,2815998,2815998,2815997,LIMIT,SELL,1,535,2019-03-29T03:59:12.226,2019-03-29T03:59:12.233,,03:59:12.226,03:59:12.226,1,750,535,-215,00:02:49,169.468,-1
pert-josh,M3@bmm,4566,433,8610,1,814,NULL,2815999,2815999,2815999,2815996,LIMIT,BUY,1,540,2019-03-29T03:59:14.677,2019-03-29T03:59:14.685,,03:59:14.677,03:59:14.677,1,750,540,-210,00:02:52,171.919,1
pert-josh,M5@bmm,4568,433,8610,1,814,NULL,2816001,2816000,2816000,2815993,LIMIT,SELL,1,530,2019-03-29T03:59:15.615,2019-03-29T03:59:15.619,,03:59:15.615,03:59:15.615,1,750,530,-220,00:02:53,172.857,-1
pert-josh,M4@bmm,4567,433,8610,1,814,NULL,2816004,2816004,2816004,2815992,LIMIT,SELL,1,525,2019-03-29T03:59:19.328,2019-03-29T03:59:19.335,,03:59:19.328,03:59:19.328,1,750,525,-225,00:02:57,176.57,-1
pert-josh,M8@bmm,4571,433,8610,1,814,NULL,2816005,2816005,2816005,NULL,LIMIT,SELL,1,550,2019-03-29T03:59:21.099,2019-03-29T03:59:21.103,,03:59:21.099,03:59:21.099,0,750,#N/A,#N/A,00:02:58,178.341,-1
pert-josh,M7@bmm,4570,433,8610,1,814,NULL,2816007,2816007,2816007,2816009,LIMIT,SELL,1,530,2019-03-29T03:59:21.837,2019-03-29T03:59:23.234,,03:59:21.837,03:59:21.837,0,750,#N/A,#N/A,00:02:59,179.079,-1
pert-josh,M6@bmm,4569,433,8610,1,814,NULL,2816009,2816008,2816008,2816007,LIMIT,BUY,1,530,2019-03-29T03:59:23.227,2019-03-29T03:59:23.234,,03:59:23.227,03:59:23.227,1,750,530,-220,00:03:00,180.469,1
pert-josh,M6@bmm,4569,433,8610,1,814,NULL,2816010,2816008,2816008,2816014,LIMIT,BUY,1,530,2019-03-29T03:59:23.220,2019-03-29T03:59:28.511,,03:59:23.220,03:59:23.220,0,750,#N/A,#N/A,00:03:00,180.462,1
pert-josh,M7@bmm,4570,433,8610,1,814,NULL,2816013,2816013,2816013,2816020,LIMIT,BUY,1,530,2019-03-29T03:59:27.926,2019-03-29T03:59:38.246,,03:59:27.926,03:59:27.926,0,750,#N/A,#N/A,00:03:05,185.168,1
pert-josh,M1@bmm,4564,433,8610,1,814,NULL,2816014,2816014,2816014,2816010,LIMIT,SELL,1,530,2019-03-29T03:59:28.503,2019-03-29T03:59:28.511,,03:59:28.503,03:59:28.503,1,750,530,-220,00:03:06,185.745,-1
pert-josh,M5@bmm,4568,433,8610,1,814,NULL,2816015,2816015,2816015,NULL,LIMIT,SELL,1,550,2019-03-29T03:59:30.255,2019-03-29T03:59:30.258,,03:59:30.255,03:59:30.255,0,750,#N/A,#N/A,00:03:07,187.497,-1
pert-josh,M5@bmm,4568,433,8610,1,814,NULL,2816020,2816020,2816020,2816013,LIMIT,SELL,1,530,2019-03-29T03:59:38.239,2019-03-29T03:59:38.246,,03:59:38.239,03:59:38.239,1,750,530,-220,00:03:15,195.481,-1
pert-josh,M4@bmm,4567,433,8610,1,814,NULL,2816022,2816022,2816022,NULL,LIMIT,SELL,1,560,2019-03-29T03:59:41.154,2019-03-29T03:59:41.157,,03:59:41.154,03:59:41.154,0,750,#N/A,#N/A,00:03:18,198.396,-1
pert-josh,M5@bmm,4568,433,8610,1,814,NULL,2816023,2816023,2816023,2816024,LIMIT,SELL,1,530,2019-03-29T03:59:42.088,2019-03-29T03:59:42.101,,03:59:42.088,03:59:42.088,0,750,#N/A,#N/A,00:03:19,199.33,-1
pert-josh,M6@bmm,4569,433,8610,1,814,NULL,2816024,2816019,2816019,2816023,LIMIT,BUY,1,530,2019-03-29T03:59:42.094,2019-03-29T03:59:42.101,,03:59:42.094,03:59:42.094,1,750,530,-220,00:03:19,199.336,1
pert-josh,M6@bmm,4569,433,8610,1,814,NULL,2816025,2816019,2816019,2816027,LIMIT,BUY,1,530,2019-03-29T03:59:37.891,2019-03-29T03:59:46.977,,03:59:37.891,03:59:37.891,0,750,#N/A,#N/A,00:03:15,195.133,1
pert-josh,M1@bmm,4564,433,8610,1,814,NULL,2816027,2816027,2816027,2816025,LIMIT,SELL,1,530,2019-03-29T03:59:46.970,2019-03-29T03:59:46.976,,03:59:46.970,03:59:46.970,1,750,530,-220,00:03:24,204.212,-1
pert-josh,M8@bmm,4571,433,8610,1,814,NULL,2816028,2816028,2816028,2816029,LIMIT,BUY,1,545,2019-03-29T03:59:47.962,2019-03-29T03:59:47.981,,03:59:47.962,03:59:47.962,0,750,#N/A,#N/A,00:03:25,205.204,1
pert-josh,M7@bmm,4570,433,8610,1,814,NULL,2816029,2816021,2816021,2816028,LIMIT,SELL,1,545,2019-03-29T03:59:47.973,2019-03-29T03:59:47.981,,03:59:47.973,03:59:47.973,1,750,545,-205,00:03:25,205.215,-1
pert-josh,M7@bmm,4570,433,8610,1,814,NULL,2816030,2816021,2816021,2816033,LIMIT,SELL,1,545,2019-03-29T03:59:38.942,2019-03-29T03:59:51.680,,03:59:38.942,03:59:38.942,0,750,#N/A,#N/A,00:03:16,196.184,-1
pert-josh,M7@bmm,4570,433,8610,1,814,NULL,2816031,2816031,2816031,NULL,LIMIT,BUY,2,530,2019-03-29T03:59:48.544,2019-03-29T03:59:48.548,,03:59:48.544,03:59:48.544,0,750,#N/A,#N/A,00:03:26,205.786,1
pert-josh,M3@bmm,4566,433,8610,1,814,NULL,2816033,2816033,2816033,2816030,LIMIT,BUY,1,545,2019-03-29T03:59:51.672,2019-03-29T03:59:51.680,,03:59:51.672,03:59:51.672,1,750,545,-205,00:03:29,208.914,1
pert-josh,M2@bmm,4565,433,8610,1,814,NULL,2816035,2816035,2816035,NULL,LIMIT,BUY,1,535,2019-03-29T03:59:55.666,2019-03-29T03:59:55.671,,03:59:55.666,03:59:55.666,0,750,#N/A,#N/A,00:03:33,212.908,1
pert-josh,M5@bmm,4568,433,8610,1,814,NULL,2816037,2816037,2816037,NULL,LIMIT,SELL,1,550,2019-03-29T03:59:56.945,2019-03-29T03:59:56.949,,03:59:56.945,03:59:56.945,0,750,#N/A,#N/A,00:03:34,214.187,-1
pert-josh,M8@bmm,4571,433,8610,1,814,NULL,2816042,2816042,2816042,2816043,LIMIT,BUY,1,545,2019-03-29T04:00:01.770,2019-03-29T04:00:01.786,,04:00:01.770,04:00:01.770,0,750,#N/A,#N/A,00:03:39,219.012,1
pert-josh,M7@bmm,4570,433,8610,1,814,NULL,2816043,2816039,2816039,2816042,LIMIT,SELL,1,545,2019-03-29T04:00:01.777,2019-03-29T04:00:01.786,,04:00:01.777,04:00:01.777,1,750,545,-205,00:03:39,219.019,-1
pert-josh,M7@bmm,4570,433,8610,1,814,NULL,2816044,2816039,2816039,2816046,LIMIT,SELL,1,545,2019-03-29T03:59:59.815,2019-03-29T04:00:06.330,,03:59:59.815,03:59:59.815,0,750,#N/A,#N/A,00:03:37,217.057,-1
pert-josh,M5@bmm,4568,433,8610,1,814,NULL,2816045,2816045,2816045,NULL,LIMIT,BUY,1,535,2019-03-29T04:00:05.587,2019-03-29T04:00:05.590,,04:00:05.587,04:00:05.587,0,750,#N/A,#N/A,00:03:43,222.829,1
pert-josh,M8@bmm,4571,433,8610,1,814,NULL,2816046,2816046,2816046,2816044,LIMIT,BUY,1,545,2019-03-29T04:00:06.322,2019-03-29T04:00:06.330,,04:00:06.322,04:00:06.322,1,750,545,-205,00:03:44,223.564,1
pert-josh,M6@bmm,4569,433,8610,1,814,NULL,2816047,2816047,2816047,NULL,LIMIT,BUY,2,530,2019-03-29T04:00:08.790,2019-03-29T04:00:08.794,,04:00:08.790,04:00:08.790,0,750,#N/A,#N/A,00:03:46,226.032,1
pert-josh,M8@bmm,4571,433,8610,1,814,NULL,2816051,2816051,2816051,NULL,LIMIT,BUY,1,530,2019-03-29T04:00:29.661,2019-03-29T04:00:29.664,,04:00:29.661,04:00:29.661,0,750,#N/A,#N/A,00:04:07,246.903,1
pert-josh,M7@bmm,4570,433,8610,1,814,NULL,2816054,2816054,2816054,NULL,LIMIT,BUY,1,535,2019-03-29T04:00:39.638,2019-03-29T04:00:39.642,,04:00:39.638,04:00:39.638,0,750,#N/A,#N/A,00:04:17,256.88,1
pert-josh,M1@bmm,4564,433,8610,1,814,NULL,2816055,2816055,2816055,2816058,LIMIT,BUY,1,540,2019-03-29T04:00:40.346,2019-03-29T04:00:44.146,,04:00:40.346,04:00:40.346,0,750,#N/A,#N/A,00:04:18,257.588,1
pert-josh,M8@bmm,4571,433,8610,1,814,NULL,2816058,2816058,2816058,2816055,LIMIT,SELL,1,540,2019-03-29T04:00:44.139,2019-03-29T04:00:44.145,,04:00:44.139,04:00:44.139,1,750,540,-210,00:04:21,261.381,-1
pert-josh,M6@bmm,4569,433,8611,2,814,NULL,2816059,2816059,2816059,NULL,LIMIT,BUY,2,450,2019-03-29T04:01:13.809,2019-03-29T04:01:13.812,,04:01:13.809,04:01:13.809,0,700,#N/A,#N/A,00:04:51,291.051,1
pert-josh,M8@bmm,4571,433,8611,2,814,NULL,2816060,2816060,2816060,2816068,LIMIT,BUY,1,500,2019-03-29T04:01:19.252,2019-03-29T04:01:30.043,,04:01:19.252,04:01:19.252,0,700,#N/A,#N/A,00:04:56,296.494,1
pert-josh,M6@bmm,4569,433,8611,2,814,NULL,2816063,2816063,2816063,NULL,LIMIT,BUY,1,440,2019-03-29T04:01:24.812,2019-03-29T04:01:24.816,,04:01:24.812,04:01:24.812,0,700,#N/A,#N/A,00:05:02,302.054,1
pert-josh,M4@bmm,4567,433,8611,2,814,NULL,2816066,2816066,2816066,NULL,LIMIT,BUY,1,485,2019-03-29T04:01:29.933,2019-03-29T04:01:29.936,,04:01:29.933,04:01:29.933,0,700,#N/A,#N/A,00:05:07,307.175,1
pert-josh,M5@bmm,4568,433,8611,2,814,NULL,2816068,2816067,2816067,2816060,LIMIT,SELL,1,500,2019-03-29T04:01:30.038,2019-03-29T04:01:30.043,,04:01:30.038,04:01:30.038,1,700,500,-200,00:05:07,307.28,-1
pert-josh,M6@bmm,4569,433,8611,2,814,NULL,2816069,2816069,2816069,NULL,LIMIT,SELL,2,595,2019-03-29T04:01:34.545,2019-03-29T04:01:34.548,,04:01:34.545,04:01:34.545,0,700,#N/A,#N/A,00:05:12,311.787,-1
pert-josh,M5@bmm,4568,433,8611,2,814,NULL,2816073,2816073,2816073,2816074,LIMIT,SELL,1,500,2019-03-29T04:01:40.899,2019-03-29T04:01:40.913,,04:01:40.899,04:01:40.899,0,700,#N/A,#N/A,00:05:18,318.141,-1
pert-josh,M8@bmm,4571,433,8611,2,814,NULL,2816074,2816062,2816062,2816073,LIMIT,BUY,1,500,2019-03-29T04:01:40.905,2019-03-29T04:01:40.914,,04:01:40.905,04:01:40.905,1,700,500,-200,00:05:18,318.147,1
pert-josh,M8@bmm,4571,433,8611,2,814,NULL,2816075,2816062,2816062,2816076,LIMIT,BUY,1,500,2019-03-29T04:01:21.892,2019-03-29T04:01:41.200,,04:01:21.892,04:01:21.892,0,700,#N/A,#N/A,00:04:59,299.134,1
pert-josh,M1@bmm,4564,433,8611,2,814,NULL,2816076,2816076,2816076,2816075,LIMIT,SELL,1,500,2019-03-29T04:01:41.193,2019-03-29T04:01:41.200,,04:01:41.193,04:01:41.193,1,700,500,-200,00:05:18,318.435,-1
pert-josh,M5@bmm,4568,433,8611,2,814,NULL,2816077,2816077,2816077,2816078,LIMIT,BUY,1,545,2019-03-29T04:01:49.115,2019-03-29T04:01:49.129,,04:01:49.115,04:01:49.115,0,700,#N/A,#N/A,00:05:26,326.357,1
pert-josh,M7@bmm,4570,433,8611,2,814,NULL,2816078,2816070,2816070,2816077,LIMIT,SELL,1,545,2019-03-29T04:01:49.122,2019-03-29T04:01:49.129,,04:01:49.122,04:01:49.122,1,700,545,-155,00:05:26,326.364,-1
pert-josh,M7@bmm,4570,433,8611,2,814,NULL,2816079,2816070,2816070,2816086,LIMIT,SELL,1,545,2019-03-29T04:01:36.632,2019-03-29T04:02:06.976,,04:01:36.632,04:01:36.632,0,700,#N/A,#N/A,00:05:14,313.874,-1
pert-josh,M7@bmm,4570,433,8611,2,814,NULL,2816083,2816083,2816083,2816104,LIMIT,BUY,2,505,2019-03-29T04:01:59.039,2019-03-29T04:02:35.112,,04:01:59.039,04:01:59.039,0,700,#N/A,#N/A,00:05:36,336.281,1
pert-josh,M3@bmm,4566,433,8611,2,814,NULL,2816086,2816086,2816086,2816079,LIMIT,BUY,1,545,2019-03-29T04:02:06.970,2019-03-29T04:02:06.976,,04:02:06.970,04:02:06.970,1,700,545,-155,00:05:44,344.212,1
pert-josh,M8@bmm,4571,433,8611,2,814,NULL,2816087,2816087,2816087,2816089,LIMIT,SELL,1,540,2019-03-29T04:02:07.779,2019-03-29T04:02:14.402,,04:02:07.779,04:02:07.779,0,700,#N/A,#N/A,00:05:45,345.021,-1
pert-josh,M4@bmm,4567,433,8611,2,814,NULL,2816089,2816089,2816089,2816087,LIMIT,BUY,1,540,2019-03-29T04:02:14.395,2019-03-29T04:02:14.402,,04:02:14.395,04:02:14.395,1,700,540,-160,00:05:52,351.637,1
pert-josh,M4@bmm,4567,433,8611,2,814,NULL,2816092,2816092,2816092,2816093,LIMIT,BUY,1,535,2019-03-29T04:02:24.730,2019-03-29T04:02:24.744,,04:02:24.730,04:02:24.730,0,700,#N/A,#N/A,00:06:02,361.972,1
pert-josh,M7@bmm,4570,433,8611,2,814,NULL,2816093,2816090,2816090,2816092,LIMIT,SELL,1,535,2019-03-29T04:02:24.737,2019-03-29T04:02:24.744,,04:02:24.737,04:02:24.737,1,700,535,-165,00:06:02,361.979,-1
pert-josh,M7@bmm,4570,433,8611,2,814,NULL,2816094,2816090,2816090,2816097,LIMIT,SELL,1,535,2019-03-29T04:02:14.935,2019-03-29T04:02:30.280,,04:02:14.935,04:02:14.935,0,700,#N/A,#N/A,00:05:52,352.177,-1
pert-josh,M3@bmm,4566,433,8611,2,814,NULL,2816097,2816097,2816097,2816094,LIMIT,BUY,1,535,2019-03-29T04:02:30.273,2019-03-29T04:02:30.280,,04:02:30.273,04:02:30.273,1,700,535,-165,00:06:08,367.515,1
pert-josh,M8@bmm,4571,433,8611,2,814,NULL,2816100,2816100,2816100,2816101,LIMIT,BUY,1,525,2019-03-29T04:02:34.402,2019-03-29T04:02:34.415,,04:02:34.402,04:02:34.402,0,700,#N/A,#N/A,00:06:12,371.644,1
pert-josh,M2@bmm,4565,433,8611,2,814,NULL,2816101,2816098,2816098,2816100,LIMIT,SELL,1,525,2019-03-29T04:02:34.408,2019-03-29T04:02:34.415,,04:02:34.408,04:02:34.408,1,700,525,-175,00:06:12,371.65,-1
pert-josh,M2@bmm,4565,433,8611,2,814,NULL,2816102,2816098,2816098,2816106,LIMIT,SELL,1,525,2019-03-29T04:02:30.838,2019-03-29T04:02:37.971,,04:02:30.838,04:02:30.838,0,700,#N/A,#N/A,00:06:08,368.08,-1
pert-josh,M6@bmm,4569,433,8611,2,814,NULL,2816104,2816103,2816103,2816083,LIMIT,SELL,2,505,2019-03-29T04:02:35.107,2019-03-29T04:02:35.112,,04:02:35.107,04:02:35.107,1,700,505,-195,00:06:12,372.349,-1
pert-josh,M8@bmm,4571,433,8611,2,814,NULL,2816106,2816106,2816106,2816102,LIMIT,BUY,1,525,2019-03-29T04:02:37.964,2019-03-29T04:02:37.971,,04:02:37.964,04:02:37.964,1,700,525,-175,00:06:15,375.206,1
pert-josh,M1@bmm,4564,433,8611,2,814,NULL,2816107,2816107,2816107,2816108,LIMIT,SELL,1,505,2019-03-29T04:02:40.292,2019-03-29T04:02:40.308,,04:02:40.292,04:02:40.292,0,700,#N/A,#N/A,00:06:18,377.534,-1
pert-josh,M6@bmm,4569,433,8611,2,814,NULL,2816108,2816085,2816085,2816107,LIMIT,BUY,1,505,2019-03-29T04:02:40.300,2019-03-29T04:02:40.308,,04:02:40.300,04:02:40.300,1,700,505,-195,00:06:18,377.542,1
pert-josh,M6@bmm,4569,433,8611,2,814,NULL,2816109,2816085,2816085,NULL,LIMIT,BUY,1,505,2019-03-29T04:02:05.307,2019-03-29T04:02:40.308,,04:02:05.307,04:02:05.307,0,700,#N/A,#N/A,00:05:43,342.549,1
pert-josh,M2@bmm,4565,433,8611,2,814,NULL,2816110,2816110,2816110,NULL,LIMIT,BUY,2,505,2019-03-29T04:02:45.017,2019-03-29T04:02:45.022,,04:02:45.017,04:02:45.017,0,700,#N/A,#N/A,00:06:22,382.259,1
pert-josh,M8@bmm,4571,433,8611,2,814,NULL,2816120,2816120,2816120,2816122,LIMIT,BUY,1,515,2019-03-29T04:03:03.310,2019-03-29T04:03:03.817,,04:03:03.310,04:03:03.310,0,700,#N/A,#N/A,00:06:41,400.552,1
pert-josh,M1@bmm,4564,433,8611,2,814,NULL,2816122,2816121,2816121,2816120,LIMIT,SELL,1,515,2019-03-29T04:03:03.812,2019-03-29T04:03:03.817,,04:03:03.812,04:03:03.812,1,700,515,-185,00:06:41,401.054,-1
pert-josh,M5@bmm,4568,433,8611,2,814,NULL,2816123,2816123,2816123,2816124,LIMIT,SELL,1,510,2019-03-29T04:03:05.450,2019-03-29T04:03:05.464,,04:03:05.450,04:03:05.450,0,700,#N/A,#N/A,00:06:43,402.692,-1
pert-josh,M7@bmm,4570,433,8611,2,814,NULL,2816124,2816119,2816119,2816123,LIMIT,BUY,1,510,2019-03-29T04:03:05.457,2019-03-29T04:03:05.465,,04:03:05.457,04:03:05.457,1,700,510,-190,00:06:43,402.699,1
pert-josh,M1@bmm,4564,433,8611,2,814,NULL,2816126,2816126,2816126,2816127,LIMIT,SELL,1,515,2019-03-29T04:03:09.713,2019-03-29T04:03:13.420,,04:03:09.713,04:03:09.713,0,700,#N/A,#N/A,00:06:47,406.955,-1
pert-josh,M5@bmm,4568,433,8611,2,814,NULL,2816127,2816127,2816127,2816126,LIMIT,BUY,1,515,2019-03-29T04:03:13.411,2019-03-29T04:03:13.420,,04:03:13.411,04:03:13.411,1,700,515,-185,00:06:51,410.653,1
pert-josh,M8@bmm,4571,433,8611,2,814,NULL,2816128,2816128,2816128,2816129,LIMIT,SELL,1,520,2019-03-29T04:03:18.318,2019-03-29T04:03:20.674,,04:03:18.318,04:03:18.318,0,700,#N/A,#N/A,00:06:56,415.56,-1
pert-josh,M4@bmm,4567,433,8611,2,814,NULL,2816129,2816129,2816129,2816128,LIMIT,BUY,1,520,2019-03-29T04:03:20.665,2019-03-29T04:03:20.674,,04:03:20.665,04:03:20.665,1,700,520,-180,00:06:58,417.907,1
pert-josh,M3@bmm,4566,433,8611,2,814,NULL,2816133,2816133,2816133,2816134,LIMIT,BUY,1,525,2019-03-29T04:03:29.644,2019-03-29T04:03:29.659,,04:03:29.644,04:03:29.644,0,700,#N/A,#N/A,00:07:07,426.886,1
pert-josh,M7@bmm,4570,433,8611,2,814,NULL,2816134,2816131,2816131,2816133,LIMIT,SELL,1,525,2019-03-29T04:03:29.652,2019-03-29T04:03:29.659,,04:03:29.652,04:03:29.652,1,700,525,-175,00:07:07,426.894,-1
pert-josh,M1@bmm,4564,433,8611,2,814,NULL,2816136,2816136,2816136,2816140,LIMIT,BUY,1,520,2019-03-29T04:03:31.930,2019-03-29T04:03:40.219,,04:03:31.930,04:03:31.930,0,700,#N/A,#N/A,00:07:09,429.172,1
pert-josh,M5@bmm,4568,433,8611,2,814,NULL,2816140,2816140,2816140,2816136,LIMIT,SELL,1,520,2019-03-29T04:03:40.212,2019-03-29T04:03:40.219,,04:03:40.212,04:03:40.212,1,700,520,-180,00:07:17,437.454,-1
pert-josh,M4@bmm,4567,433,8611,2,814,NULL,2816141,2816141,2816141,2816143,LIMIT,SELL,1,520,2019-03-29T04:03:40.817,2019-03-29T04:03:43.933,,04:03:40.817,04:03:40.817,0,700,#N/A,#N/A,00:07:18,438.059,-1
pert-josh,M8@bmm,4571,433,8611,2,814,NULL,2816143,2816142,2816142,2816141,LIMIT,BUY,1,520,2019-03-29T04:03:43.925,2019-03-29T04:03:43.933,,04:03:43.925,04:03:43.925,1,700,520,-180,00:07:21,441.167,1
pert-josh,M8@bmm,4571,433,8611,2,814,NULL,2816144,2816142,2816142,2816155,LIMIT,BUY,1,520,2019-03-29T04:03:43.917,2019-03-29T04:03:57.217,,04:03:43.917,04:03:43.917,0,700,#N/A,#N/A,00:07:21,441.159,1
pert-josh,M6@bmm,4569,433,8611,2,814,NULL,2816148,2816148,2816148,NULL,LIMIT,BUY,2,490,2019-03-29T04:03:55.469,2019-03-29T04:03:55.472,,04:03:55.469,04:03:55.469,0,700,#N/A,#N/A,00:07:33,452.711,1
pert-josh,M6@bmm,4569,433,8611,2,814,NULL,2816149,2816149,2816149,NULL,LIMIT,BUY,2,490,2019-03-29T04:03:55.706,2019-03-29T04:03:55.710,,04:03:55.706,04:03:55.706,0,700,#N/A,#N/A,00:07:33,452.948,1
pert-josh,M6@bmm,4569,433,8611,2,814,NULL,2816150,2816150,2816150,NULL,LIMIT,BUY,2,490,2019-03-29T04:03:55.944,2019-03-29T04:03:55.947,,04:03:55.944,04:03:55.944,0,700,#N/A,#N/A,00:07:33,453.186,1
pert-josh,M6@bmm,4569,433,8611,2,814,NULL,2816151,2816151,2816151,NULL,LIMIT,BUY,2,490,2019-03-29T04:03:56.183,2019-03-29T04:03:56.186,,04:03:56.183,04:03:56.183,0,700,#N/A,#N/A,00:07:33,453.425,1
pert-josh,M6@bmm,4569,433,8611,2,814,NULL,2816152,2816152,2816152,NULL,LIMIT,BUY,2,490,2019-03-29T04:03:56.438,2019-03-29T04:03:56.441,,04:03:56.438,04:03:56.438,0,700,#N/A,#N/A,00:07:34,453.68,1
pert-josh,M6@bmm,4569,433,8611,2,814,NULL,2816153,2816153,2816153,NULL,LIMIT,BUY,2,490,2019-03-29T04:03:56.613,2019-03-29T04:03:56.616,,04:03:56.613,04:03:56.613,0,700,#N/A,#N/A,00:07:34,453.855,1
pert-josh,M6@bmm,4569,433,8611,2,814,NULL,2816154,2816154,2816154,NULL,LIMIT,BUY,2,490,2019-03-29T04:03:56.856,2019-03-29T04:03:56.859,,04:03:56.856,04:03:56.856,0,700,#N/A,#N/A,00:07:34,454.098,1
pert-josh,M5@bmm,4568,433,8611,2,814,NULL,2816155,2816155,2816155,2816144,LIMIT,SELL,1,520,2019-03-29T04:03:57.210,2019-03-29T04:03:57.217,,04:03:57.210,04:03:57.210,1,700,520,-180,00:07:34,454.452,-1
pert-josh,M8@bmm,4571,433,8611,2,814,NULL,2816161,2816147,2816147,2816163,LIMIT,BUY,1,520,2019-03-29T04:03:55.412,2019-03-29T04:04:18.734,,04:03:55.412,04:03:55.412,0,700,#N/A,#N/A,00:07:33,452.654,1
pert-josh,M7@bmm,4570,433,8611,2,814,NULL,2816163,2816162,2816162,2816161,LIMIT,SELL,1,520,2019-03-29T04:04:18.727,2019-03-29T04:04:18.734,,04:04:18.727,04:04:18.727,1,700,520,-180,00:07:56,475.969,-1
pert-josh,M7@bmm,4570,433,8611,2,814,NULL,2816164,2816162,2816162,2816165,LIMIT,SELL,1,520,2019-03-29T04:04:18.720,2019-03-29T04:04:21.307,,04:04:18.720,04:04:18.720,0,700,#N/A,#N/A,00:07:56,475.962,-1
pert-josh,M3@bmm,4566,433,8611,2,814,NULL,2816165,2816165,2816165,2816164,LIMIT,BUY,1,520,2019-03-29T04:04:21.300,2019-03-29T04:04:21.307,,04:04:21.300,04:04:21.300,1,700,520,-180,00:07:59,478.542,1
pert-josh,M4@bmm,4567,433,8611,2,814,NULL,2816166,2816166,2816166,2816167,LIMIT,BUY,1,520,2019-03-29T04:04:24.153,2019-03-29T04:04:26.259,,04:04:24.153,04:04:24.153,0,700,#N/A,#N/A,00:08:01,481.395,1
pert-josh,M5@bmm,4568,433,8611,2,814,NULL,2816167,2816167,2816167,2816166,LIMIT,SELL,1,520,2019-03-29T04:04:26.252,2019-03-29T04:04:26.259,,04:04:26.252,04:04:26.252,1,700,520,-180,00:08:03,483.494,-1
pert-josh,M8@bmm,4571,433,8611,2,814,NULL,2816168,2816168,2816168,2816171,LIMIT,SELL,1,520,2019-03-29T04:04:29.170,2019-03-29T04:04:32.859,,04:04:29.170,04:04:29.170,0,700,#N/A,#N/A,00:08:06,486.412,-1
pert-josh,M3@bmm,4566,433,8611,2,814,NULL,2816171,2816171,2816171,2816168,LIMIT,BUY,1,520,2019-03-29T04:04:32.852,2019-03-29T04:04:32.858,,04:04:32.852,04:04:32.852,1,700,520,-180,00:08:10,490.094,1
pert-josh,M8@bmm,4571,433,8611,2,814,NULL,2816176,2816176,2816176,2816199,LIMIT,BUY,1,515,2019-03-29T04:04:41.634,2019-03-29T04:05:26.650,,04:04:41.634,04:04:41.634,0,700,#N/A,#N/A,00:08:19,498.876,1
pert-josh,M6@bmm,4569,433,8611,2,814,NULL,2816179,2816179,2816179,NULL,LIMIT,SELL,2,610,2019-03-29T04:04:44.327,2019-03-29T04:04:44.330,,04:04:44.327,04:04:44.327,0,700,#N/A,#N/A,00:08:22,501.569,-1
pert-josh,M8@bmm,4571,433,8611,2,814,NULL,2816180,2816180,2816180,NULL,LIMIT,BUY,1,510,2019-03-29T04:04:47.693,2019-03-29T04:04:47.699,,04:04:47.693,04:04:47.693,0,700,#N/A,#N/A,00:08:25,504.935,1
pert-josh,M8@bmm,4571,433,8611,2,814,NULL,2816181,2816181,2816181,NULL,LIMIT,BUY,2,510,2019-03-29T04:04:49.225,2019-03-29T04:04:49.228,,04:04:49.225,04:04:49.225,0,700,#N/A,#N/A,00:08:26,506.467,1
pert-josh,M4@bmm,4567,433,8611,2,814,NULL,2816183,2816183,2816183,NULL,LIMIT,SELL,2,540,2019-03-29T04:04:58.930,2019-03-29T04:04:58.933,,04:04:58.930,04:04:58.930,0,700,#N/A,#N/A,00:08:36,516.172,-1
pert-josh,M8@bmm,4571,433,8611,2,814,NULL,2816195,2816195,2816195,2816196,LIMIT,BUY,1,520,2019-03-29T04:05:21.673,2019-03-29T04:05:21.686,,04:05:21.673,04:05:21.673,0,700,#N/A,#N/A,00:08:59,538.915,1
pert-josh,M7@bmm,4570,433,8611,2,814,NULL,2816196,2816173,2816173,2816195,LIMIT,SELL,1,520,2019-03-29T04:05:21.679,2019-03-29T04:05:21.687,,04:05:21.679,04:05:21.679,1,700,520,-180,00:08:59,538.921,-1
pert-josh,M7@bmm,4570,433,8611,2,814,NULL,2816197,2816173,2816173,2816200,LIMIT,SELL,1,520,2019-03-29T04:04:34.122,2019-03-29T04:05:30.015,,04:04:34.122,04:04:34.122,0,700,#N/A,#N/A,00:08:11,491.364,-1
pert-josh,M7@bmm,4570,433,8611,2,814,NULL,2816199,2816199,2816199,2816176,LIMIT,SELL,1,515,2019-03-29T04:05:26.643,2019-03-29T04:05:26.650,,04:05:26.643,04:05:26.643,1,700,515,-185,00:09:04,543.885,-1
pert-josh,M8@bmm,4571,433,8611,2,814,NULL,2816200,2816200,2816200,2816197,LIMIT,BUY,1,520,2019-03-29T04:05:30.007,2019-03-29T04:05:30.015,,04:05:30.007,04:05:30.007,1,700,520,-180,00:09:07,547.249,1
pert-josh,M8@bmm,4571,433,8611,2,814,NULL,2816202,2816202,2816202,NULL,LIMIT,SELL,1,525,2019-03-29T04:05:37.597,2019-03-29T04:05:37.600,,04:05:37.597,04:05:37.597,0,700,#N/A,#N/A,00:09:15,554.839,-1
pert-josh,M7@bmm,4570,433,8611,2,814,NULL,2816203,2816203,2816203,2816206,LIMIT,SELL,1,520,2019-03-29T04:05:43.613,2019-03-29T04:05:55.941,,04:05:43.613,04:05:43.613,0,700,#N/A,#N/A,00:09:21,560.855,-1
pert-josh,M8@bmm,4571,433,8611,2,814,NULL,2816204,2816204,2816204,2816207,LIMIT,SELL,1,520,2019-03-29T04:05:46.438,2019-03-29T04:05:55.941,,04:05:46.438,04:05:46.438,0,700,#N/A,#N/A,00:09:24,563.68,-1
pert-josh,M6@bmm,4569,433,8611,2,814,NULL,2816206,2816205,2816205,2816203,LIMIT,BUY,1,520,2019-03-29T04:05:55.932,2019-03-29T04:05:55.941,,04:05:55.932,04:05:55.932,1,700,520,-180,00:09:33,573.174,1
pert-josh,M6@bmm,4569,433,8611,2,814,NULL,2816207,2816205,2816205,2816204,LIMIT,BUY,1,520,2019-03-29T04:05:55.936,2019-03-29T04:05:55.941,,04:05:55.936,04:05:55.936,1,700,520,-180,00:09:33,573.178,1
pert-josh,M6@bmm,4569,433,8612,3,814,NULL,2816210,2816210,2816210,NULL,LIMIT,BUY,1,480,2019-03-29T04:06:34.079,2019-03-29T04:06:34.082,,04:06:34.079,04:06:34.079,0,650,#N/A,#N/A,00:10:11,611.321,1
pert-josh,M6@bmm,4569,433,8612,3,814,NULL,2816212,2816212,2816212,NULL,LIMIT,BUY,1,475,2019-03-29T04:06:37.016,2019-03-29T04:06:37.020,,04:06:37.016,04:06:37.016,0,650,#N/A,#N/A,00:10:14,614.258,1
pert-josh,M8@bmm,4571,433,8612,3,814,NULL,2816213,2816213,2816213,2816218,LIMIT,BUY,1,500,2019-03-29T04:06:40.190,2019-03-29T04:06:46.833,,04:06:40.190,04:06:40.190,0,650,#N/A,#N/A,00:10:17,617.432,1
pert-josh,M6@bmm,4569,433,8612,3,814,NULL,2816216,2816216,2816216,NULL,LIMIT,SELL,1,530,2019-03-29T04:06:43.249,2019-03-29T04:06:43.252,,04:06:43.249,04:06:43.249,0,650,#N/A,#N/A,00:10:20,620.491,-1
pert-josh,M5@bmm,4568,433,8612,3,814,NULL,2816218,2816218,2816218,2816213,LIMIT,SELL,1,500,2019-03-29T04:06:46.826,2019-03-29T04:06:46.833,,04:06:46.826,04:06:46.826,1,650,500,-150,00:10:24,624.068,-1
pert-josh,M5@bmm,4568,433,8612,3,814,NULL,2816220,2816220,2816220,2816221,LIMIT,SELL,1,500,2019-03-29T04:06:49.034,2019-03-29T04:06:49.048,,04:06:49.034,04:06:49.034,0,650,#N/A,#N/A,00:10:26,626.276,-1
pert-josh,M8@bmm,4571,433,8612,3,814,NULL,2816221,2816214,2816214,2816220,LIMIT,BUY,1,500,2019-03-29T04:06:49.041,2019-03-29T04:06:49.049,,04:06:49.041,04:06:49.041,1,650,500,-150,00:10:26,626.283,1
pert-josh,M6@bmm,4569,433,8612,3,814,NULL,2816225,2816225,2816225,NULL,LIMIT,SELL,1,535,2019-03-29T04:06:53.537,2019-03-29T04:06:53.541,,04:06:53.537,04:06:53.537,0,650,#N/A,#N/A,00:10:31,630.779,-1
pert-josh,M7@bmm,4570,433,8612,3,814,NULL,2816230,2816230,2816230,2816258,LIMIT,BUY,2,505,2019-03-29T04:07:05.204,2019-03-29T04:08:04.634,,04:07:05.204,04:07:05.204,0,650,#N/A,#N/A,00:10:42,642.446,1
pert-josh,M6@bmm,4569,433,8612,3,814,NULL,2816233,2816233,2816233,2816269,LIMIT,BUY,2,505,2019-03-29T04:07:08.913,2019-03-29T04:08:16.258,,04:07:08.913,04:07:08.913,0,650,#N/A,#N/A,00:10:46,646.155,1
pert-josh,M4@bmm,4567,433,8612,3,814,NULL,2816238,2816238,2816238,2816239,LIMIT,BUY,1,515,2019-03-29T04:07:26.373,2019-03-29T04:07:26.388,,04:07:26.373,04:07:26.373,0,650,#N/A,#N/A,00:11:04,663.615,1
pert-josh,M8@bmm,4571,433,8612,3,814,NULL,2816239,2816234,2816234,2816238,LIMIT,SELL,1,515,2019-03-29T04:07:26.381,2019-03-29T04:07:26.389,,04:07:26.381,04:07:26.381,1,650,515,-135,00:11:04,663.623,-1
pert-josh,M8@bmm,4571,433,8612,3,814,NULL,2816240,2816234,2816234,NULL,LIMIT,SELL,1,515,2019-03-29T04:07:18.304,2019-03-29T04:07:26.389,,04:07:18.304,04:07:18.304,0,650,#N/A,#N/A,00:10:56,655.546,-1
pert-josh,M5@bmm,4568,433,8612,3,814,NULL,2816242,2816242,2816242,2816273,LIMIT,BUY,1,505,2019-03-29T04:07:31.235,2019-03-29T04:08:22.291,,04:07:31.235,04:07:31.235,0,650,#N/A,#N/A,00:11:08,668.477,1
pert-josh,M3@bmm,4566,433,8612,3,814,NULL,2816244,2816244,2816244,2816245,LIMIT,SELL,1,510,2019-03-29T04:07:33.307,2019-03-29T04:07:33.330,,04:07:33.307,04:07:33.307,0,650,#N/A,#N/A,00:11:11,670.549,-1
pert-josh,M7@bmm,4570,433,8612,3,814,NULL,2816245,2816241,2816241,2816244,LIMIT,BUY,1,510,2019-03-29T04:07:33.315,2019-03-29T04:07:33.330,,04:07:33.315,04:07:33.315,1,650,510,-140,00:11:11,670.557,1
pert-josh,M7@bmm,4570,433,8612,3,814,NULL,2816246,2816241,2816241,2816247,LIMIT,BUY,1,510,2019-03-29T04:07:27.395,2019-03-29T04:07:34.348,,04:07:27.395,04:07:27.395,0,650,#N/A,#N/A,00:11:05,664.637,1
pert-josh,M5@bmm,4568,433,8612,3,814,NULL,2816247,2816247,2816247,2816246,LIMIT,SELL,1,510,2019-03-29T04:07:34.341,2019-03-29T04:07:34.347,,04:07:34.341,04:07:34.341,1,650,510,-140,00:11:12,671.583,-1
pert-josh,M5@bmm,4568,433,8612,3,814,NULL,2816248,2816248,2816248,2816274,LIMIT,BUY,1,505,2019-03-29T04:07:39.043,2019-03-29T04:08:22.291,,04:07:39.043,04:07:39.043,0,650,#N/A,#N/A,00:11:16,676.285,1
pert-josh,M2@bmm,4565,433,8612,3,814,NULL,2816252,2816252,2816252,2816254,LIMIT,BUY,1,510,2019-03-29T04:07:47.745,2019-03-29T04:07:51.229,,04:07:47.745,04:07:47.745,0,650,#N/A,#N/A,00:11:25,684.987,1
pert-josh,M6@bmm,4569,433,8612,3,814,NULL,2816253,2816253,2816253,NULL,LIMIT,SELL,2,530,2019-03-29T04:07:49.729,2019-03-29T04:07:49.733,,04:07:49.729,04:07:49.729,0,650,#N/A,#N/A,00:11:27,686.971,-1
pert-josh,M5@bmm,4568,433,8612,3,814,NULL,2816254,2816254,2816254,2816252,LIMIT,SELL,1,510,2019-03-29T04:07:51.221,2019-03-29T04:07:51.229,,04:07:51.221,04:07:51.221,1,650,510,-140,00:11:28,688.463,-1
pert-josh,M2@bmm,4565,433,8612,3,814,NULL,2816255,2816255,2816255,NULL,LIMIT,SELL,1,515,2019-03-29T04:07:59.719,2019-03-29T04:07:59.722,,04:07:59.719,04:07:59.719,0,650,#N/A,#N/A,00:11:37,696.961,-1
pert-josh,M6@bmm,4569,433,8612,3,814,NULL,2816256,2816256,2816256,2816280,LIMIT,BUY,2,505,2019-03-29T04:08:00.185,2019-03-29T04:08:27.266,,04:08:00.185,04:08:00.185,0,650,#N/A,#N/A,00:11:37,697.427,1
pert-josh,M1@bmm,4564,433,8612,3,814,NULL,2816258,2816258,2816258,2816230,LIMIT,SELL,2,505,2019-03-29T04:08:04.626,2019-03-29T04:08:04.634,,04:08:04.626,04:08:04.626,1,650,505,-145,00:11:42,701.868,-1
pert-josh,M3@bmm,4566,433,8612,3,814,NULL,2816259,2816259,2816259,2816260,LIMIT,BUY,1,510,2019-03-29T04:08:06.594,2019-03-29T04:08:06.609,,04:08:06.594,04:08:06.594,0,650,#N/A,#N/A,00:11:44,703.836,1
pert-josh,M7@bmm,4570,433,8612,3,814,NULL,2816260,2816257,2816257,2816259,LIMIT,SELL,1,510,2019-03-29T04:08:06.601,2019-03-29T04:08:06.609,,04:08:06.601,04:08:06.601,1,650,510,-140,00:11:44,703.843,-1
pert-josh,M7@bmm,4570,433,8612,3,814,NULL,2816261,2816257,2816257,2816262,LIMIT,SELL,1,510,2019-03-29T04:08:01.843,2019-03-29T04:08:06.746,,04:08:01.843,04:08:01.843,0,650,#N/A,#N/A,00:11:39,699.085,-1
pert-josh,M5@bmm,4568,433,8612,3,814,NULL,2816262,2816262,2816262,2816261,LIMIT,BUY,1,510,2019-03-29T04:08:06.738,2019-03-29T04:08:06.746,,04:08:06.738,04:08:06.738,1,650,510,-140,00:11:44,703.98,1
pert-josh,M7@bmm,4570,433,8612,3,814,NULL,2816264,2816264,2816264,2816266,LIMIT,BUY,1,510,2019-03-29T04:08:10.163,2019-03-29T04:08:13.028,,04:08:10.163,04:08:10.163,0,650,#N/A,#N/A,00:11:47,707.405,1
pert-josh,M8@bmm,4571,433,8612,3,814,NULL,2816266,2816265,2816265,2816264,LIMIT,SELL,1,510,2019-03-29T04:08:13.020,2019-03-29T04:08:13.028,,04:08:13.020,04:08:13.020,1,650,510,-140,00:11:50,710.262,-1
pert-josh,M8@bmm,4571,433,8612,3,814,NULL,2816267,2816265,2816265,2816271,LIMIT,SELL,1,510,2019-03-29T04:08:13.014,2019-03-29T04:08:21.156,,04:08:13.014,04:08:13.014,0,650,#N/A,#N/A,00:11:50,710.256,-1
pert-josh,M1@bmm,4564,433,8612,3,814,NULL,2816269,2816269,2816269,2816233,LIMIT,SELL,2,505,2019-03-29T04:08:16.246,2019-03-29T04:08:16.257,,04:08:16.246,04:08:16.246,1,650,505,-145,00:11:53,713.488,-1
pert-josh,M5@bmm,4568,433,8612,3,814,NULL,2816271,2816271,2816271,2816267,LIMIT,BUY,1,510,2019-03-29T04:08:21.147,2019-03-29T04:08:21.156,,04:08:21.147,04:08:21.147,1,650,510,-140,00:11:58,718.389,1
pert-josh,M4@bmm,4567,433,8612,3,814,NULL,2816273,2816272,2816272,2816242,LIMIT,SELL,1,505,2019-03-29T04:08:22.283,2019-03-29T04:08:22.291,,04:08:22.283,04:08:22.283,1,650,505,-145,00:12:00,719.525,-1
pert-josh,M4@bmm,4567,433,8612,3,814,NULL,2816274,2816272,2816272,2816248,LIMIT,SELL,1,505,2019-03-29T04:08:22.287,2019-03-29T04:08:22.291,,04:08:22.287,04:08:22.287,1,650,505,-145,00:12:00,719.529,-1
pert-josh,M6@bmm,4569,433,8612,3,814,NULL,2816277,2816277,2816277,2816292,LIMIT,BUY,2,505,2019-03-29T04:08:24.746,2019-03-29T04:08:42.644,,04:08:24.746,04:08:24.746,0,650,#N/A,#N/A,00:12:02,721.988,1
pert-josh,M4@bmm,4567,433,8612,3,814,NULL,2816280,2816280,2816280,2816256,LIMIT,SELL,2,505,2019-03-29T04:08:27.259,2019-03-29T04:08:27.266,,04:08:27.259,04:08:27.259,1,650,505,-145,00:12:05,724.501,-1
pert-josh,M5@bmm,4568,433,8612,3,814,NULL,2816289,2816289,2816289,2816351,LIMIT,BUY,1,505,2019-03-29T04:08:38.100,2019-03-29T04:09:42.005,,04:08:38.100,04:08:38.100,0,650,#N/A,#N/A,00:12:15,735.342,1
pert-josh,M8@bmm,4571,433,8612,3,814,NULL,2816290,2816290,2816290,2816294,LIMIT,SELL,1,510,2019-03-29T04:08:39.788,2019-03-29T04:08:45.572,,04:08:39.788,04:08:39.788,0,650,#N/A,#N/A,00:12:17,737.03,-1
pert-josh,M1@bmm,4564,433,8612,3,814,NULL,2816292,2816292,2816292,2816277,LIMIT,SELL,2,505,2019-03-29T04:08:42.637,2019-03-29T04:08:42.644,,04:08:42.637,04:08:42.637,1,650,505,-145,00:12:20,739.879,-1
pert-josh,M4@bmm,4567,433,8612,3,814,NULL,2816294,2816294,2816294,2816290,LIMIT,BUY,1,510,2019-03-29T04:08:45.565,2019-03-29T04:08:45.572,,04:08:45.565,04:08:45.565,1,650,510,-140,00:12:23,742.807,1
pert-josh,M5@bmm,4568,433,8612,3,814,NULL,2816295,2816295,2816295,2816304,LIMIT,SELL,1,510,2019-03-29T04:08:45.652,2019-03-29T04:08:58.722,,04:08:45.652,04:08:45.652,0,650,#N/A,#N/A,00:12:23,742.894,-1
pert-josh,M3@bmm,4566,433,8612,3,814,NULL,2816299,2816299,2816299,2816300,LIMIT,BUY,1,510,2019-03-29T04:08:56.786,2019-03-29T04:08:56.800,,04:08:56.786,04:08:56.786,0,650,#N/A,#N/A,00:12:34,754.028,1
pert-josh,M7@bmm,4570,433,8612,3,814,NULL,2816300,2816293,2816293,2816299,LIMIT,SELL,1,510,2019-03-29T04:08:56.793,2019-03-29T04:08:56.800,,04:08:56.793,04:08:56.793,1,650,510,-140,00:12:34,754.035,-1
pert-josh,M7@bmm,4570,433,8612,3,814,NULL,2816304,2816302,2816302,2816295,LIMIT,BUY,1,510,2019-03-29T04:08:58.718,2019-03-29T04:08:58.723,,04:08:58.718,04:08:58.718,1,650,510,-140,00:12:36,755.96,1
pert-josh,M8@bmm,4571,433,8612,3,814,NULL,2816305,2816305,2816305,2816307,LIMIT,SELL,1,510,2019-03-29T04:09:01.150,2019-03-29T04:09:02.520,,04:09:01.150,04:09:01.150,0,650,#N/A,#N/A,00:12:38,758.392,-1
pert-josh,M6@bmm,4569,433,8612,3,814,NULL,2816307,2816306,2816306,2816305,LIMIT,BUY,1,510,2019-03-29T04:09:02.512,2019-03-29T04:09:02.521,,04:09:02.512,04:09:02.512,1,650,510,-140,00:12:40,759.754,1
pert-josh,M6@bmm,4569,433,8612,3,814,NULL,2816308,2816306,2816306,2816309,LIMIT,BUY,1,510,2019-03-29T04:09:02.506,2019-03-29T04:09:03.685,,04:09:02.506,04:09:02.506,0,650,#N/A,#N/A,00:12:40,759.748,1
pert-josh,M8@bmm,4571,433,8612,3,814,NULL,2816309,2816309,2816309,2816308,LIMIT,SELL,1,510,2019-03-29T04:09:03.677,2019-03-29T04:09:03.684,,04:09:03.677,04:09:03.677,1,650,510,-140,00:12:41,760.919,-1
pert-josh,M1@bmm,4564,433,8612,3,814,NULL,2816310,2816310,2816310,2816312,LIMIT,SELL,1,510,2019-03-29T04:09:04.253,2019-03-29T04:09:08.335,,04:09:04.253,04:09:04.253,0,650,#N/A,#N/A,00:12:41,761.495,-1
pert-josh,M6@bmm,4569,433,8612,3,814,NULL,2816312,2816312,2816312,2816310,LIMIT,BUY,1,510,2019-03-29T04:09:08.323,2019-03-29T04:09:08.335,,04:09:08.323,04:09:08.323,1,650,510,-140,00:12:46,765.565,1
pert-josh,M8@bmm,4571,433,8612,3,814,NULL,2816313,2816313,2816313,2816314,LIMIT,SELL,1,510,2019-03-29T04:09:10.108,2019-03-29T04:09:10.857,,04:09:10.108,04:09:10.108,0,650,#N/A,#N/A,00:12:47,767.35,-1
pert-josh,M6@bmm,4569,433,8612,3,814,NULL,2816314,2816314,2816314,2816313,LIMIT,BUY,1,510,2019-03-29T04:09:10.850,2019-03-29T04:09:10.857,,04:09:10.850,04:09:10.850,1,650,510,-140,00:12:48,768.092,1
pert-josh,M4@bmm,4567,433,8612,3,814,NULL,2816316,2816316,2816316,NULL,LIMIT,SELL,1,520,2019-03-29T04:09:12.551,2019-03-29T04:09:12.555,,04:09:12.551,04:09:12.551,0,650,#N/A,#N/A,00:12:50,769.793,-1
pert-josh,M6@bmm,4569,433,8612,3,814,NULL,2816317,2816317,2816317,2816318,LIMIT,BUY,1,510,2019-03-29T04:09:12.866,2019-03-29T04:09:12.879,,04:09:12.866,04:09:12.866,0,650,#N/A,#N/A,00:12:50,770.108,1
pert-josh,M7@bmm,4570,433,8612,3,814,NULL,2816318,2816315,2816315,2816317,LIMIT,SELL,1,510,2019-03-29T04:09:12.872,2019-03-29T04:09:12.880,,04:09:12.872,04:09:12.872,1,650,510,-140,00:12:50,770.114,-1
pert-josh,M7@bmm,4570,433,8612,3,814,NULL,2816319,2816315,2816315,2816322,LIMIT,SELL,1,510,2019-03-29T04:09:11.845,2019-03-29T04:09:16.588,,04:09:11.845,04:09:11.845,0,650,#N/A,#N/A,00:12:49,769.087,-1
pert-josh,M8@bmm,4571,433,8612,3,814,NULL,2816322,2816321,2816321,2816319,LIMIT,BUY,1,510,2019-03-29T04:09:16.581,2019-03-29T04:09:16.589,,04:09:16.581,04:09:16.581,1,650,510,-140,00:12:54,773.823,1
pert-josh,M8@bmm,4571,433,8612,3,814,NULL,2816323,2816321,2816321,2816326,LIMIT,BUY,1,510,2019-03-29T04:09:16.574,2019-03-29T04:09:18.379,,04:09:16.574,04:09:16.574,0,650,#N/A,#N/A,00:12:54,773.816,1
pert-josh,M6@bmm,4569,433,8612,3,814,NULL,2816324,2816324,2816324,2816327,LIMIT,BUY,1,510,2019-03-29T04:09:16.684,2019-03-29T04:09:18.379,,04:09:16.684,04:09:16.684,0,650,#N/A,#N/A,00:12:54,773.926,1
pert-josh,M7@bmm,4570,433,8612,3,814,NULL,2816326,2816325,2816325,2816323,LIMIT,SELL,1,510,2019-03-29T04:09:18.370,2019-03-29T04:09:18.379,,04:09:18.370,04:09:18.370,1,650,510,-140,00:12:56,775.612,-1
pert-josh,M7@bmm,4570,433,8612,3,814,NULL,2816327,2816325,2816325,2816324,LIMIT,SELL,1,510,2019-03-29T04:09:18.374,2019-03-29T04:09:18.379,,04:09:18.374,04:09:18.374,1,650,510,-140,00:12:56,775.616,-1
pert-josh,M6@bmm,4569,433,8612,3,814,NULL,2816328,2816328,2816328,2816332,LIMIT,BUY,1,510,2019-03-29T04:09:21.171,2019-03-29T04:09:26.043,,04:09:21.171,04:09:21.171,0,650,#N/A,#N/A,00:12:58,778.413,1
pert-josh,M5@bmm,4568,433,8612,3,814,NULL,2816329,2816329,2816329,2816333,LIMIT,BUY,1,510,2019-03-29T04:09:24.765,2019-03-29T04:09:26.043,,04:09:24.765,04:09:24.765,0,650,#N/A,#N/A,00:13:02,782.007,1
pert-josh,M7@bmm,4570,433,8612,3,814,NULL,2816332,2816331,2816331,2816328,LIMIT,SELL,1,510,2019-03-29T04:09:26.034,2019-03-29T04:09:26.043,,04:09:26.034,04:09:26.034,1,650,510,-140,00:13:03,783.276,-1
pert-josh,M7@bmm,4570,433,8612,3,814,NULL,2816333,2816331,2816331,2816329,LIMIT,SELL,1,510,2019-03-29T04:09:26.039,2019-03-29T04:09:26.043,,04:09:26.039,04:09:26.039,1,650,510,-140,00:13:03,783.281,-1
pert-josh,M6@bmm,4569,433,8612,3,814,NULL,2816334,2816334,2816334,2816336,LIMIT,BUY,1,510,2019-03-29T04:09:27.482,2019-03-29T04:09:29.220,,04:09:27.482,04:09:27.482,0,650,#N/A,#N/A,00:13:05,784.724,1
pert-josh,M3@bmm,4566,433,8612,3,814,NULL,2816336,2816336,2816336,2816334,LIMIT,SELL,1,510,2019-03-29T04:09:29.211,2019-03-29T04:09:29.220,,04:09:29.211,04:09:29.211,1,650,510,-140,00:13:06,786.453,-1
pert-josh,M5@bmm,4568,433,8612,3,814,NULL,2816345,2816345,2816345,2816346,LIMIT,SELL,1,510,2019-03-29T04:09:35.075,2019-03-29T04:09:35.089,,04:09:35.075,04:09:35.075,0,650,#N/A,#N/A,00:13:12,792.317,-1
pert-josh,M7@bmm,4570,433,8612,3,814,NULL,2816346,2816344,2816344,2816345,LIMIT,BUY,1,510,2019-03-29T04:09:35.082,2019-03-29T04:09:35.089,,04:09:35.082,04:09:35.082,1,650,510,-140,00:13:12,792.324,1
pert-josh,M7@bmm,4570,433,8612,3,814,NULL,2816347,2816344,2816344,2816349,LIMIT,BUY,1,510,2019-03-29T04:09:33.573,2019-03-29T04:09:36.506,,04:09:33.573,04:09:33.573,0,650,#N/A,#N/A,00:13:11,790.815,1
pert-josh,M4@bmm,4567,433,8612,3,814,NULL,2816348,2816348,2816348,NULL,LIMIT,SELL,1,520,2019-03-29T04:09:36.351,2019-03-29T04:09:36.354,,04:09:36.351,04:09:36.351,0,650,#N/A,#N/A,00:13:14,793.593,-1
pert-josh,M5@bmm,4568,433,8612,3,814,NULL,2816349,2816349,2816349,2816347,LIMIT,SELL,1,510,2019-03-29T04:09:36.500,2019-03-29T04:09:36.506,,04:09:36.500,04:09:36.500,1,650,510,-140,00:13:14,793.742,-1
pert-josh,M1@bmm,4564,433,8612,3,814,NULL,2816351,2816351,2816351,2816289,LIMIT,SELL,1,505,2019-03-29T04:09:41.998,2019-03-29T04:09:42.005,,04:09:41.998,04:09:41.998,1,650,505,-145,00:13:19,799.24,-1
pert-josh,M8@bmm,4571,433,8612,3,814,NULL,2816354,2816354,2816354,2816356,LIMIT,BUY,1,510,2019-03-29T04:09:48.915,2019-03-29T04:09:49.787,,04:09:48.915,04:09:48.915,0,650,#N/A,#N/A,00:13:26,806.157,1
pert-josh,M1@bmm,4564,433,8612,3,814,NULL,2816356,2816355,2816355,2816354,LIMIT,SELL,1,510,2019-03-29T04:09:49.772,2019-03-29T04:09:49.787,,04:09:49.772,04:09:49.772,1,650,510,-140,00:13:27,807.014,-1
pert-josh,M1@bmm,4564,433,8612,3,814,NULL,2816357,2816355,2816355,2816358,LIMIT,SELL,1,505,2019-03-29T04:09:49.777,2019-03-29T04:09:49.787,,04:09:49.777,04:09:49.777,0,650,#N/A,#N/A,00:13:27,807.019,-1
pert-josh,M6@bmm,4569,433,8612,3,814,NULL,2816358,2816352,2816352,2816357,LIMIT,BUY,1,505,2019-03-29T04:09:49.780,2019-03-29T04:09:49.788,,04:09:49.780,04:09:49.780,1,650,505,-145,00:13:27,807.022,1
pert-josh,M8@bmm,4571,433,8612,3,814,NULL,2816360,2816360,2816360,2816361,LIMIT,BUY,1,510,2019-03-29T04:09:54.746,2019-03-29T04:09:56.874,,04:09:54.746,04:09:54.746,0,650,#N/A,#N/A,00:13:32,811.988,1
pert-josh,M5@bmm,4568,433,8612,3,814,NULL,2816361,2816361,2816361,2816360,LIMIT,SELL,1,510,2019-03-29T04:09:56.867,2019-03-29T04:09:56.873,,04:09:56.867,04:09:56.867,1,650,510,-140,00:13:34,814.109,-1
pert-josh,M8@bmm,4571,433,8612,3,814,NULL,2816362,2816362,2816362,2816363,LIMIT,BUY,1,510,2019-03-29T04:09:59.059,2019-03-29T04:10:00.385,,04:09:59.059,04:09:59.059,0,650,#N/A,#N/A,00:13:36,816.301,1
pert-josh,M3@bmm,4566,433,8612,3,814,NULL,2816363,2816363,2816363,2816362,LIMIT,SELL,1,510,2019-03-29T04:10:00.377,2019-03-29T04:10:00.385,,04:10:00.377,04:10:00.377,1,650,510,-140,00:13:38,817.619,-1
pert-josh,M8@bmm,4571,433,8612,3,814,NULL,2816364,2816364,2816364,2816367,LIMIT,BUY,1,510,2019-03-29T04:10:02.313,2019-03-29T04:10:06.164,,04:10:02.313,04:10:02.313,0,650,#N/A,#N/A,00:13:40,819.555,1
pert-josh,M1@bmm,4564,433,8612,3,814,NULL,2816367,2816367,2816367,2816364,LIMIT,SELL,1,510,2019-03-29T04:10:06.157,2019-03-29T04:10:06.164,,04:10:06.157,04:10:06.157,1,650,510,-140,00:13:43,823.399,-1
pert-josh,M1@bmm,4564,433,8612,3,814,NULL,2816370,2816370,2816370,2816373,LIMIT,SELL,1,510,2019-03-29T04:10:10.294,2019-03-29T04:10:12.772,,04:10:10.294,04:10:10.294,0,650,#N/A,#N/A,00:13:48,827.536,-1
pert-josh,M8@bmm,4571,433,8612,3,814,NULL,2816371,2816371,2816371,2816376,LIMIT,SELL,1,510,2019-03-29T04:10:11.742,2019-03-29T04:10:18.470,,04:10:11.742,04:10:11.742,0,650,#N/A,#N/A,00:13:49,828.984,-1
pert-josh,M3@bmm,4566,433,8612,3,814,NULL,2816373,2816373,2816373,2816370,LIMIT,BUY,1,510,2019-03-29T04:10:12.765,2019-03-29T04:10:12.772,,04:10:12.765,04:10:12.765,1,650,510,-140,00:13:50,830.007,1
pert-josh,M5@bmm,4568,433,8612,3,814,NULL,2816376,2816376,2816376,2816371,LIMIT,BUY,1,510,2019-03-29T04:10:18.463,2019-03-29T04:10:18.470,,04:10:18.463,04:10:18.463,1,650,510,-140,00:13:56,835.705,1
pert-josh,M8@bmm,4571,433,8612,3,814,NULL,2816377,2816377,2816377,2816379,LIMIT,SELL,1,510,2019-03-29T04:10:19.833,2019-03-29T04:10:22.356,,04:10:19.833,04:10:19.833,0,650,#N/A,#N/A,00:13:57,837.075,-1
pert-josh,M5@bmm,4568,433,8612,3,814,NULL,2816379,2816379,2816379,2816377,LIMIT,BUY,1,510,2019-03-29T04:10:22.340,2019-03-29T04:10:22.356,,04:10:22.340,04:10:22.340,1,650,510,-140,00:14:00,839.582,1
pert-josh,M1@bmm,4564,433,8613,4,814,NULL,2816380,2816380,2816380,2816381,LIMIT,SELL,1,505,2019-03-29T04:10:51.471,2019-03-29T04:10:51.490,,04:10:51.471,04:10:51.471,0,600,#N/A,#N/A,00:14:29,868.713,-1
pert-josh,M7@bmm,4570,433,8613,4,814,NULL,2816381,2816381,2816381,2816380,LIMIT,BUY,1,505,2019-03-29T04:10:51.483,2019-03-29T04:10:51.489,,04:10:51.483,04:10:51.483,1,600,505,-95,00:14:29,868.725,1
pert-josh,M6@bmm,4569,433,8613,4,814,NULL,2816382,2816382,2816382,NULL,LIMIT,BUY,1,480,2019-03-29T04:10:52.779,2019-03-29T04:10:52.784,,04:10:52.779,04:10:52.779,0,600,#N/A,#N/A,00:14:30,870.021,1
pert-josh,M1@bmm,4564,433,8613,4,814,NULL,2816385,2816385,2816385,2816386,LIMIT,SELL,1,505,2019-03-29T04:10:54.406,2019-03-29T04:10:54.419,,04:10:54.406,04:10:54.406,0,600,#N/A,#N/A,00:14:32,871.648,-1
pert-josh,M7@bmm,4570,433,8613,4,814,NULL,2816386,2816384,2816384,2816385,LIMIT,BUY,1,505,2019-03-29T04:10:54.412,2019-03-29T04:10:54.420,,04:10:54.412,04:10:54.412,1,600,505,-95,00:14:32,871.654,1
pert-josh,M7@bmm,4570,433,8613,4,814,NULL,2816387,2816384,2816384,2816389,LIMIT,BUY,1,505,2019-03-29T04:10:53.485,2019-03-29T04:10:56.476,,04:10:53.485,04:10:53.485,0,600,#N/A,#N/A,00:14:31,870.727,1
pert-josh,M1@bmm,4564,433,8613,4,814,NULL,2816389,2816389,2816389,2816387,LIMIT,SELL,1,505,2019-03-29T04:10:56.469,2019-03-29T04:10:56.476,,04:10:56.469,04:10:56.469,1,600,505,-95,00:14:34,873.711,-1
pert-josh,M4@bmm,4567,433,8613,4,814,NULL,2816390,2816390,2816390,2816397,LIMIT,BUY,1,525,2019-03-29T04:10:57.075,2019-03-29T04:10:59.266,,04:10:57.075,04:10:57.075,0,600,#N/A,#N/A,00:14:34,874.317,1
pert-josh,M7@bmm,4570,433,8613,4,814,NULL,2816397,2816396,2816396,2816390,LIMIT,SELL,1,525,2019-03-29T04:10:59.259,2019-03-29T04:10:59.266,,04:10:59.259,04:10:59.259,1,600,525,-75,00:14:37,876.501,-1
pert-josh,M6@bmm,4569,433,8613,4,814,NULL,2816400,2816400,2816400,2816405,LIMIT,BUY,1,510,2019-03-29T04:11:02.516,2019-03-29T04:11:04.110,,04:11:02.516,04:11:02.516,0,600,#N/A,#N/A,00:14:40,879.758,1
pert-josh,M6@bmm,4569,433,8613,4,814,NULL,2816401,2816401,2816401,2816406,LIMIT,BUY,1,510,2019-03-29T04:11:03.148,2019-03-29T04:11:08.068,,04:11:03.148,04:11:03.148,0,600,#N/A,#N/A,00:14:40,880.39,1
pert-josh,M6@bmm,4569,433,8613,4,814,NULL,2816403,2816403,2816403,2816411,LIMIT,BUY,1,510,2019-03-29T04:11:04.058,2019-03-29T04:11:14.131,,04:11:04.058,04:11:04.058,0,600,#N/A,#N/A,00:14:41,881.3,1
pert-josh,M5@bmm,4568,433,8613,4,814,NULL,2816405,2816404,2816404,2816400,LIMIT,SELL,1,510,2019-03-29T04:11:04.105,2019-03-29T04:11:04.110,,04:11:04.105,04:11:04.105,1,600,510,-90,00:14:41,881.347,-1
pert-josh,M5@bmm,4568,433,8613,4,814,NULL,2816406,2816406,2816406,2816401,LIMIT,SELL,1,510,2019-03-29T04:11:08.061,2019-03-29T04:11:08.068,,04:11:08.061,04:11:08.061,1,600,510,-90,00:14:45,885.303,-1
pert-josh,M5@bmm,4568,433,8613,4,814,NULL,2816408,2816408,2816408,2816456,LIMIT,SELL,1,515,2019-03-29T04:11:12.166,2019-03-29T04:13:47.434,,04:11:12.166,04:11:12.166,0,600,#N/A,#N/A,00:14:49,889.408,-1
pert-josh,M2@bmm,4565,433,8613,4,814,NULL,2816411,2816410,2816410,2816403,LIMIT,SELL,1,510,2019-03-29T04:11:14.123,2019-03-29T04:11:14.131,,04:11:14.123,04:11:14.123,1,600,510,-90,00:14:51,891.365,-1
pert-josh,M2@bmm,4565,433,8613,4,814,NULL,2816412,2816410,2816410,2816413,LIMIT,SELL,1,510,2019-03-29T04:11:14.111,2019-03-29T04:11:15.190,,04:11:14.111,04:11:14.111,0,600,#N/A,#N/A,00:14:51,891.353,-1
pert-josh,M1@bmm,4564,433,8613,4,814,NULL,2816413,2816413,2816413,2816412,LIMIT,BUY,1,510,2019-03-29T04:11:15.184,2019-03-29T04:11:15.190,,04:11:15.184,04:11:15.184,1,600,510,-90,00:14:52,892.426,1
pert-josh,M1@bmm,4564,433,8613,4,814,NULL,2816414,2816414,2816414,2816436,LIMIT,BUY,1,510,2019-03-29T04:11:16.265,2019-03-29T04:12:10.299,,04:11:16.265,04:11:16.265,0,600,#N/A,#N/A,00:14:54,893.507,1
pert-josh,M6@bmm,4569,433,8613,4,814,NULL,2816415,2816415,2816415,NULL,LIMIT,SELL,2,520,2019-03-29T04:11:16.347,2019-03-29T04:11:16.350,,04:11:16.347,04:11:16.347,0,600,#N/A,#N/A,00:14:54,893.589,-1
pert-josh,M1@bmm,4564,433,8613,4,814,NULL,2816416,2816416,2816416,2816441,LIMIT,BUY,1,510,2019-03-29T04:11:17.358,2019-03-29T04:12:53.174,,04:11:17.358,04:11:17.358,0,600,#N/A,#N/A,00:14:55,894.6,1
pert-josh,M6@bmm,4569,433,8613,4,814,NULL,2816417,2816417,2816417,NULL,LIMIT,SELL,2,520,2019-03-29T04:11:17.900,2019-03-29T04:11:17.906,,04:11:17.900,04:11:17.900,0,600,#N/A,#N/A,00:14:55,895.142,-1
pert-josh,M6@bmm,4569,433,8613,4,814,NULL,2816418,2816418,2816418,NULL,LIMIT,SELL,2,520,2019-03-29T04:11:19.205,2019-03-29T04:11:19.211,,04:11:19.205,04:11:19.205,0,600,#N/A,#N/A,00:14:56,896.447,-1
pert-josh,M4@bmm,4567,433,8613,4,814,NULL,2816419,2816419,2816419,NULL,LIMIT,SELL,1,525,2019-03-29T04:11:20.650,2019-03-29T04:11:20.653,,04:11:20.650,04:11:20.650,0,600,#N/A,#N/A,00:14:58,897.892,-1
pert-josh,M5@bmm,4568,433,8613,4,814,NULL,2816420,2816420,2816420,2816442,LIMIT,BUY,1,510,2019-03-29T04:11:20.709,2019-03-29T04:12:57.230,,04:11:20.709,04:11:20.709,0,600,#N/A,#N/A,00:14:58,897.951,1
pert-josh,M7@bmm,4570,433,8613,4,814,NULL,2816422,2816422,2816422,2816457,LIMIT,SELL,1,515,2019-03-29T04:11:26.572,2019-03-29T04:13:51.127,,04:11:26.572,04:11:26.572,0,600,#N/A,#N/A,00:15:04,903.814,-1
pert-josh,M7@bmm,4570,433,8613,4,814,NULL,2816429,2816429,2816429,2816430,LIMIT,BUY,1,515,2019-03-29T04:11:38.377,2019-03-29T04:11:38.397,,04:11:38.377,04:11:38.377,0,600,#N/A,#N/A,00:15:16,915.619,1
pert-josh,M8@bmm,4571,433,8613,4,814,NULL,2816430,2816407,2816407,2816429,LIMIT,SELL,1,515,2019-03-29T04:11:38.386,2019-03-29T04:11:38.397,,04:11:38.386,04:11:38.386,1,600,515,-85,00:15:16,915.628,-1
pert-josh,M5@bmm,4568,433,8613,4,814,NULL,2816434,2816434,2816434,2816444,LIMIT,BUY,1,510,2019-03-29T04:11:58.053,2019-03-29T04:13:00.270,,04:11:58.053,04:11:58.053,0,600,#N/A,#N/A,00:15:35,935.295,1
pert-josh,M2@bmm,4565,433,8613,4,814,NULL,2816435,2816435,2816435,NULL,LIMIT,BUY,2,505,2019-03-29T04:12:02.283,2019-03-29T04:12:02.286,,04:12:02.283,04:12:02.283,0,600,#N/A,#N/A,00:15:40,939.525,1
pert-josh,M3@bmm,4566,433,8613,4,814,NULL,2816436,2816436,2816436,2816414,LIMIT,SELL,1,510,2019-03-29T04:12:10.291,2019-03-29T04:12:10.299,,04:12:10.291,04:12:10.291,1,600,510,-90,00:15:48,947.533,-1
pert-josh,M7@bmm,4570,433,8613,4,814,NULL,2816437,2816437,2816437,2816446,LIMIT,BUY,1,510,2019-03-29T04:12:18.098,2019-03-29T04:13:06.813,,04:12:18.098,04:12:18.098,0,600,#N/A,#N/A,00:15:55,955.34,1
pert-josh,M8@bmm,4571,433,8613,4,814,NULL,2816441,2816441,2816441,2816416,LIMIT,SELL,1,510,2019-03-29T04:12:53.167,2019-03-29T04:12:53.174,,04:12:53.167,04:12:53.167,1,600,510,-90,00:16:30,990.409,-1
pert-josh,M8@bmm,4571,433,8613,4,814,NULL,2816442,2816442,2816442,2816420,LIMIT,SELL,1,510,2019-03-29T04:12:57.222,2019-03-29T04:12:57.230,,04:12:57.222,04:12:57.222,1,600,510,-90,00:16:34,994.464,-1
pert-josh,M8@bmm,4571,433,8613,4,814,NULL,2816444,2816444,2816444,2816434,LIMIT,SELL,1,510,2019-03-29T04:13:00.263,2019-03-29T04:13:00.270,,04:13:00.263,04:13:00.263,1,600,510,-90,00:16:38,997.505,-1
pert-josh,M4@bmm,4567,433,8613,4,814,NULL,2816445,2816445,2816445,NULL,LIMIT,BUY,1,505,2019-03-29T04:13:01.244,2019-03-29T04:13:01.248,,04:13:01.244,04:13:01.244,0,600,#N/A,#N/A,00:16:38,998.486,1
pert-josh,M5@bmm,4568,433,8613,4,814,NULL,2816446,2816446,2816446,2816437,LIMIT,SELL,1,510,2019-03-29T04:13:06.806,2019-03-29T04:13:06.813,,04:13:06.806,04:13:06.806,1,600,510,-90,00:16:44,1004.048,-1
pert-josh,M7@bmm,4570,433,8613,4,814,NULL,2816447,2816447,2816447,2816450,LIMIT,SELL,1,510,2019-03-29T04:13:10.312,2019-03-29T04:13:16.019,,04:13:10.312,04:13:10.312,0,600,#N/A,#N/A,00:16:48,1007.554,-1
pert-josh,M6@bmm,4569,433,8613,4,814,NULL,2816449,2816449,2816449,NULL,LIMIT,BUY,2,500,2019-03-29T04:13:15.291,2019-03-29T04:13:15.294,,04:13:15.291,04:13:15.291,0,600,#N/A,#N/A,00:16:53,1012.533,1
pert-josh,M5@bmm,4568,433,8613,4,814,NULL,2816450,2816450,2816450,2816447,LIMIT,BUY,1,510,2019-03-29T04:13:16.013,2019-03-29T04:13:16.019,,04:13:16.013,04:13:16.013,1,600,510,-90,00:16:53,1013.255,1
pert-josh,M1@bmm,4564,433,8613,4,814,NULL,2816452,2816452,2816452,NULL,LIMIT,BUY,1,510,2019-03-29T04:13:30.482,2019-03-29T04:13:30.485,,04:13:30.482,04:13:30.482,0,600,#N/A,#N/A,00:17:08,1027.724,1
pert-josh,M8@bmm,4571,433,8613,4,814,NULL,2816456,2816454,2816454,2816408,LIMIT,BUY,1,515,2019-03-29T04:13:47.430,2019-03-29T04:13:47.434,,04:13:47.430,04:13:47.430,1,600,515,-85,00:17:25,1044.672,1
pert-josh,M8@bmm,4571,433,8613,4,814,NULL,2816457,2816457,2816457,2816422,LIMIT,BUY,1,515,2019-03-29T04:13:51.119,2019-03-29T04:13:51.126,,04:13:51.119,04:13:51.119,1,600,515,-85,00:17:28,1048.361,1
pert-josh,M7@bmm,4570,433,8613,4,814,NULL,2816459,2816459,2816459,2816461,LIMIT,SELL,1,515,2019-03-29T04:13:57.453,2019-03-29T04:14:02.479,,04:13:57.453,04:13:57.453,0,600,#N/A,#N/A,00:17:35,1054.695,-1
pert-josh,M5@bmm,4568,433,8613,4,814,NULL,2816460,2816460,2816460,2816462,LIMIT,SELL,1,515,2019-03-29T04:13:58.798,2019-03-29T04:14:03.125,,04:13:58.798,04:13:58.798,0,600,#N/A,#N/A,00:17:36,1056.04,-1
pert-josh,M8@bmm,4571,433,8613,4,814,NULL,2816461,2816461,2816461,2816459,LIMIT,BUY,1,515,2019-03-29T04:14:02.471,2019-03-29T04:14:02.479,,04:14:02.471,04:14:02.471,1,600,515,-85,00:17:40,1059.713,1
pert-josh,M8@bmm,4571,433,8613,4,814,NULL,2816462,2816462,2816462,2816460,LIMIT,BUY,1,515,2019-03-29T04:14:03.118,2019-03-29T04:14:03.124,,04:14:03.118,04:14:03.118,1,600,515,-85,00:17:40,1060.36,1
pert-josh,M7@bmm,4570,433,8613,4,814,NULL,2816463,2816463,2816463,2816465,LIMIT,SELL,1,515,2019-03-29T04:14:07.200,2019-03-29T04:14:09.597,,04:14:07.200,04:14:07.200,0,600,#N/A,#N/A,00:17:44,1064.442,-1
pert-josh,M8@bmm,4571,433,8613,4,814,NULL,2816465,2816465,2816465,2816463,LIMIT,BUY,1,515,2019-03-29T04:14:09.590,2019-03-29T04:14:09.597,,04:14:09.590,04:14:09.590,1,600,515,-85,00:17:47,1066.832,1
pert-josh,M4@bmm,4567,433,8614,5,814,NULL,2816473,2816473,2816473,2816474,LIMIT,BUY,1,525,2019-03-29T04:15:07.911,2019-03-29T04:15:07.924,,04:15:07.911,04:15:07.911,0,550,#N/A,#N/A,00:18:45,1125.153,1
pert-josh,M8@bmm,4571,433,8614,5,814,NULL,2816474,2816471,2816471,2816473,LIMIT,SELL,1,525,2019-03-29T04:15:07.918,2019-03-29T04:15:07.925,,04:15:07.918,04:15:07.918,1,550,525,-25,00:18:45,1125.16,-1
pert-josh,M6@bmm,4569,433,8614,5,814,NULL,2816476,2816476,2816476,NULL,LIMIT,BUY,2,495,2019-03-29T04:15:08.201,2019-03-29T04:15:08.204,,04:15:08.201,04:15:08.201,0,550,#N/A,#N/A,00:18:45,1125.443,1
pert-josh,M7@bmm,4570,433,8614,5,814,NULL,2816477,2816477,2816477,2816504,LIMIT,SELL,1,520,2019-03-29T04:15:10.869,2019-03-29T04:15:31.957,,04:15:10.869,04:15:10.869,0,550,#N/A,#N/A,00:18:48,1128.111,-1
pert-josh,M6@bmm,4569,433,8614,5,814,NULL,2816479,2816479,2816479,NULL,LIMIT,SELL,2,530,2019-03-29T04:15:13.718,2019-03-29T04:15:13.721,,04:15:13.718,04:15:13.718,0,550,#N/A,#N/A,00:18:51,1130.96,-1
pert-josh,M6@bmm,4569,433,8614,5,814,NULL,2816480,2816480,2816480,NULL,LIMIT,SELL,2,530,2019-03-29T04:15:14.367,2019-03-29T04:15:14.370,,04:15:14.367,04:15:14.367,0,550,#N/A,#N/A,00:18:52,1131.609,-1
pert-josh,M6@bmm,4569,433,8614,5,814,NULL,2816483,2816483,2816483,NULL,LIMIT,SELL,2,530,2019-03-29T04:15:15.344,2019-03-29T04:15:15.347,,04:15:15.344,04:15:15.344,0,550,#N/A,#N/A,00:18:53,1132.586,-1
pert-josh,M5@bmm,4568,433,8614,5,814,NULL,2816492,2816492,2816492,2816493,LIMIT,SELL,1,505,2019-03-29T04:15:23.006,2019-03-29T04:15:23.019,,04:15:23.006,04:15:23.006,0,550,#N/A,#N/A,00:19:00,1140.248,-1
pert-josh,M2@bmm,4565,433,8614,5,814,NULL,2816493,2816486,2816486,2816492,LIMIT,BUY,1,505,2019-03-29T04:15:23.012,2019-03-29T04:15:23.019,,04:15:23.012,04:15:23.012,1,550,505,-45,00:19:00,1140.254,1
pert-josh,M5@bmm,4568,433,8614,5,814,NULL,2816497,2816497,2816497,2816498,LIMIT,SELL,1,510,2019-03-29T04:15:25.902,2019-03-29T04:15:25.915,,04:15:25.902,04:15:25.902,0,550,#N/A,#N/A,00:19:03,1143.144,-1
pert-josh,M8@bmm,4571,433,8614,5,814,NULL,2816498,2816495,2816495,2816497,LIMIT,BUY,1,510,2019-03-29T04:15:25.909,2019-03-29T04:15:25.916,,04:15:25.909,04:15:25.909,1,550,510,-40,00:19:03,1143.151,1
pert-josh,M8@bmm,4571,433,8614,5,814,NULL,2816499,2816495,2816495,2816563,LIMIT,BUY,1,510,2019-03-29T04:15:24.087,2019-03-29T04:17:03.677,,04:15:24.087,04:15:24.087,0,550,#N/A,#N/A,00:19:01,1141.329,1
pert-josh,M6@bmm,4569,433,8614,5,814,NULL,2816503,2816503,2816503,NULL,LIMIT,BUY,2,500,2019-03-29T04:15:31.649,2019-03-29T04:15:31.652,,04:15:31.649,04:15:31.649,0,550,#N/A,#N/A,00:19:09,1148.891,1
pert-josh,M5@bmm,4568,433,8614,5,814,NULL,2816504,2816504,2816504,2816477,LIMIT,BUY,1,520,2019-03-29T04:15:31.950,2019-03-29T04:15:31.957,,04:15:31.950,04:15:31.950,1,550,520,-30,00:19:09,1149.192,1
pert-josh,M3@bmm,4566,433,8614,5,814,NULL,2816505,2816505,2816505,2816506,LIMIT,SELL,1,515,2019-03-29T04:15:33.369,2019-03-29T04:15:33.382,,04:15:33.369,04:15:33.369,0,550,#N/A,#N/A,00:19:11,1150.611,-1
pert-josh,M7@bmm,4570,433,8614,5,814,NULL,2816506,2816501,2816501,2816505,LIMIT,BUY,1,515,2019-03-29T04:15:33.376,2019-03-29T04:15:33.382,,04:15:33.376,04:15:33.376,1,550,515,-35,00:19:11,1150.618,1
pert-josh,M7@bmm,4570,433,8614,5,814,NULL,2816507,2816501,2816501,2816509,LIMIT,BUY,1,515,2019-03-29T04:15:28.383,2019-03-29T04:15:33.405,,04:15:28.383,04:15:28.383,0,550,#N/A,#N/A,00:19:06,1145.625,1
pert-josh,M8@bmm,4571,433,8614,5,814,NULL,2816509,2816508,2816508,2816507,LIMIT,SELL,1,515,2019-03-29T04:15:33.398,2019-03-29T04:15:33.405,,04:15:33.398,04:15:33.398,1,550,515,-35,00:19:11,1150.64,-1
pert-josh,M8@bmm,4571,433,8614,5,814,NULL,2816510,2816508,2816508,2816511,LIMIT,SELL,1,515,2019-03-29T04:15:33.392,2019-03-29T04:15:33.574,,04:15:33.392,04:15:33.392,0,550,#N/A,#N/A,00:19:11,1150.634,-1
pert-josh,M5@bmm,4568,433,8614,5,814,NULL,2816511,2816511,2816511,2816510,LIMIT,BUY,1,515,2019-03-29T04:15:33.567,2019-03-29T04:15:33.573,,04:15:33.567,04:15:33.567,1,550,515,-35,00:19:11,1150.809,1
pert-josh,M2@bmm,4565,433,8614,5,814,NULL,2816512,2816512,2816512,2816513,LIMIT,SELL,2,515,2019-03-29T04:15:36.232,2019-03-29T04:15:39.617,,04:15:36.232,04:15:36.232,0,550,#N/A,#N/A,00:19:13,1153.474,-1
pert-josh,M7@bmm,4570,433,8614,5,814,NULL,2816513,2816513,2816513,2816512,LIMIT,BUY,2,515,2019-03-29T04:15:39.610,2019-03-29T04:15:39.617,,04:15:39.610,04:15:39.610,1,550,515,-35,00:19:17,1156.852,1
pert-josh,M5@bmm,4568,433,8614,5,814,NULL,2816515,2816515,2816515,2816516,LIMIT,BUY,1,520,2019-03-29T04:15:48.242,2019-03-29T04:15:48.270,,04:15:48.242,04:15:48.242,0,550,#N/A,#N/A,00:19:25,1165.484,1
pert-josh,M7@bmm,4570,433,8614,5,814,NULL,2816516,2816481,2816481,2816515,LIMIT,SELL,1,520,2019-03-29T04:15:48.255,2019-03-29T04:15:48.270,,04:15:48.255,04:15:48.255,1,550,520,-30,00:19:25,1165.497,-1
pert-josh,M6@bmm,4569,433,8614,5,814,NULL,2816520,2816520,2816520,NULL,LIMIT,SELL,2,525,2019-03-29T04:15:55.752,2019-03-29T04:15:55.755,,04:15:55.752,04:15:55.752,0,550,#N/A,#N/A,00:19:33,1172.994,-1
pert-josh,M5@bmm,4568,433,8614,5,814,NULL,2816533,2816533,2816533,2816540,LIMIT,SELL,1,515,2019-03-29T04:16:08.199,2019-03-29T04:16:13.974,,04:16:08.199,04:16:08.199,0,550,#N/A,#N/A,00:19:45,1185.441,-1
pert-josh,M4@bmm,4567,433,8614,5,814,NULL,2816535,2816534,2816534,2816536,LIMIT,BUY,1,515,2019-03-29T04:16:09.023,2019-03-29T04:16:09.031,,04:16:09.023,04:16:09.023,0,550,#N/A,#N/A,00:19:46,1186.265,1
pert-josh,M1@bmm,4564,433,8614,5,814,NULL,2816536,2816518,2816518,2816535,LIMIT,SELL,1,515,2019-03-29T04:16:09.025,2019-03-29T04:16:09.032,,04:16:09.025,04:16:09.025,1,550,515,-35,00:19:46,1186.267,-1
pert-josh,M1@bmm,4564,433,8614,5,814,NULL,2816537,2816518,2816518,2816539,LIMIT,SELL,1,515,2019-03-29T04:15:48.706,2019-03-29T04:16:13.826,,04:15:48.706,04:15:48.706,0,550,#N/A,#N/A,00:19:26,1165.948,-1
pert-josh,M6@bmm,4569,433,8614,5,814,NULL,2816538,2816538,2816538,NULL,LIMIT,BUY,2,500,2019-03-29T04:16:09.392,2019-03-29T04:16:09.395,,04:16:09.392,04:16:09.392,0,550,#N/A,#N/A,00:19:47,1186.634,1
pert-josh,M8@bmm,4571,433,8614,5,814,NULL,2816539,2816539,2816539,2816537,LIMIT,BUY,1,515,2019-03-29T04:16:13.819,2019-03-29T04:16:13.826,,04:16:13.819,04:16:13.819,1,550,515,-35,00:19:51,1191.061,1
pert-josh,M2@bmm,4565,433,8614,5,814,NULL,2816540,2816540,2816540,2816533,LIMIT,BUY,1,515,2019-03-29T04:16:13.968,2019-03-29T04:16:13.974,,04:16:13.968,04:16:13.968,1,550,515,-35,00:19:51,1191.21,1
pert-josh,M8@bmm,4571,433,8614,5,814,NULL,2816541,2816541,2816541,2816542,LIMIT,BUY,1,515,2019-03-29T04:16:14.504,2019-03-29T04:16:15.630,,04:16:14.504,04:16:14.504,0,550,#N/A,#N/A,00:19:52,1191.746,1
pert-josh,M3@bmm,4566,433,8614,5,814,NULL,2816542,2816542,2816542,2816541,LIMIT,SELL,1,515,2019-03-29T04:16:15.622,2019-03-29T04:16:15.629,,04:16:15.622,04:16:15.622,1,550,515,-35,00:19:53,1192.864,-1
pert-josh,M8@bmm,4571,433,8614,5,814,NULL,2816546,2816546,2816546,2816547,LIMIT,BUY,1,515,2019-03-29T04:16:29.556,2019-03-29T04:16:29.569,,04:16:29.556,04:16:29.556,0,550,#N/A,#N/A,00:20:07,1206.798,1
pert-josh,M7@bmm,4570,433,8614,5,814,NULL,2816547,2816543,2816543,2816546,LIMIT,SELL,1,515,2019-03-29T04:16:29.562,2019-03-29T04:16:29.570,,04:16:29.562,04:16:29.562,1,550,515,-35,00:20:07,1206.804,-1
pert-josh,M7@bmm,4570,433,8614,5,814,NULL,2816548,2816543,2816543,2816549,LIMIT,SELL,1,515,2019-03-29T04:16:16.079,2019-03-29T04:16:30.047,,04:16:16.079,04:16:16.079,0,550,#N/A,#N/A,00:19:53,1193.321,-1
pert-josh,M8@bmm,4571,433,8614,5,814,NULL,2816549,2816549,2816549,2816548,LIMIT,BUY,1,515,2019-03-29T04:16:30.041,2019-03-29T04:16:30.047,,04:16:30.041,04:16:30.041,1,550,515,-35,00:20:07,1207.283,1
pert-josh,M8@bmm,4571,433,8614,5,814,NULL,2816550,2816550,2816550,2816568,LIMIT,SELL,1,515,2019-03-29T04:16:34.411,2019-03-29T04:17:04.040,,04:16:34.411,04:16:34.411,0,550,#N/A,#N/A,00:20:12,1211.653,-1
pert-josh,M4@bmm,4567,433,8614,5,814,NULL,2816551,2816551,2816551,NULL,LIMIT,SELL,2,525,2019-03-29T04:16:35.089,2019-03-29T04:16:35.092,,04:16:35.089,04:16:35.089,0,550,#N/A,#N/A,00:20:12,1212.331,-1
pert-josh,M8@bmm,4571,433,8614,5,814,NULL,2816552,2816552,2816552,2816569,LIMIT,SELL,1,515,2019-03-29T04:16:35.458,2019-03-29T04:17:04.040,,04:16:35.458,04:16:35.458,0,550,#N/A,#N/A,00:20:13,1212.7,-1
pert-josh,M4@bmm,4567,433,8614,5,814,NULL,2816561,2816561,2816561,2816570,LIMIT,SELL,1,515,2019-03-29T04:16:59.977,2019-03-29T04:17:05.438,,04:16:59.977,04:16:59.977,0,550,#N/A,#N/A,00:20:37,1237.219,-1
pert-josh,M7@bmm,4570,433,8614,5,814,NULL,2816563,2816562,2816562,2816499,LIMIT,SELL,1,510,2019-03-29T04:17:03.662,2019-03-29T04:17:03.677,,04:17:03.662,04:17:03.662,1,550,510,-40,00:20:41,1240.904,-1
pert-josh,M7@bmm,4570,433,8614,5,814,NULL,2816564,2816562,2816562,2816565,LIMIT,SELL,1,510,2019-03-29T04:17:03.666,2019-03-29T04:17:03.678,,04:17:03.666,04:17:03.666,0,550,#N/A,#N/A,00:20:41,1240.908,-1
pert-josh,M8@bmm,4571,433,8614,5,814,NULL,2816565,2816496,2816496,2816564,LIMIT,BUY,1,510,2019-03-29T04:17:03.669,2019-03-29T04:17:03.678,,04:17:03.669,04:17:03.669,1,550,510,-40,00:20:41,1240.911,1
pert-josh,M8@bmm,4571,433,8614,5,814,NULL,2816566,2816496,2816496,2816582,LIMIT,BUY,1,510,2019-03-29T04:15:24.798,2019-03-29T04:17:39.798,,04:15:24.798,04:15:24.798,0,550,#N/A,#N/A,00:19:02,1142.04,1
pert-josh,M6@bmm,4569,433,8614,5,814,NULL,2816568,2816567,2816567,2816550,LIMIT,BUY,1,515,2019-03-29T04:17:04.032,2019-03-29T04:17:04.040,,04:17:04.032,04:17:04.032,1,550,515,-35,00:20:41,1241.274,1
pert-josh,M6@bmm,4569,433,8614,5,814,NULL,2816569,2816567,2816567,2816552,LIMIT,BUY,1,515,2019-03-29T04:17:04.036,2019-03-29T04:17:04.040,,04:17:04.036,04:17:04.036,1,550,515,-35,00:20:41,1241.278,1
pert-josh,M6@bmm,4569,433,8614,5,814,NULL,2816570,2816570,2816570,2816561,LIMIT,BUY,1,515,2019-03-29T04:17:05.431,2019-03-29T04:17:05.437,,04:17:05.431,04:17:05.431,1,550,515,-35,00:20:43,1242.673,1
pert-josh,M8@bmm,4571,433,8614,5,814,NULL,2816571,2816571,2816571,2816573,LIMIT,SELL,1,515,2019-03-29T04:17:12.258,2019-03-29T04:17:17.711,,04:17:12.258,04:17:12.258,0,550,#N/A,#N/A,00:20:49,1249.5,-1
pert-josh,M6@bmm,4569,433,8614,5,814,NULL,2816573,2816573,2816573,2816571,LIMIT,BUY,1,515,2019-03-29T04:17:17.705,2019-03-29T04:17:17.711,,04:17:17.705,04:17:17.705,1,550,515,-35,00:20:55,1254.947,1
pert-josh,M5@bmm,4568,433,8614,5,814,NULL,2816574,2816574,2816574,2816575,LIMIT,BUY,1,515,2019-03-29T04:17:17.796,2019-03-29T04:17:19.910,,04:17:17.796,04:17:17.796,0,550,#N/A,#N/A,00:20:55,1255.038,1
pert-josh,M3@bmm,4566,433,8614,5,814,NULL,2816575,2816575,2816575,2816574,LIMIT,SELL,1,515,2019-03-29T04:17:19.901,2019-03-29T04:17:19.910,,04:17:19.901,04:17:19.901,1,550,515,-35,00:20:57,1257.143,-1
pert-josh,M8@bmm,4571,433,8614,5,814,NULL,2816577,2816577,2816577,NULL,LIMIT,SELL,1,515,2019-03-29T04:17:20.106,2019-03-29T04:17:20.109,,04:17:20.106,04:17:20.106,0,550,#N/A,#N/A,00:20:57,1257.348,-1
pert-josh,M1@bmm,4564,433,8614,5,814,NULL,2816582,2816581,2816581,2816566,LIMIT,SELL,1,510,2019-03-29T04:17:39.787,2019-03-29T04:17:39.798,,04:17:39.787,04:17:39.787,1,550,510,-40,00:21:17,1277.029,-1
pert-josh,M1@bmm,4564,433,8614,5,814,NULL,2816583,2816581,2816581,2816586,LIMIT,SELL,1,510,2019-03-29T04:17:39.780,2019-03-29T04:17:43.732,,04:17:39.780,04:17:39.780,0,550,#N/A,#N/A,00:21:17,1277.022,-1
pert-josh,M6@bmm,4569,433,8614,5,814,NULL,2816585,2816585,2816585,NULL,LIMIT,SELL,2,520,2019-03-29T04:17:42.921,2019-03-29T04:17:42.924,,04:17:42.921,04:17:42.921,0,550,#N/A,#N/A,00:21:20,1280.163,-1
pert-josh,M3@bmm,4566,433,8614,5,814,NULL,2816586,2816586,2816586,2816583,LIMIT,BUY,1,510,2019-03-29T04:17:43.724,2019-03-29T04:17:43.732,,04:17:43.724,04:17:43.724,1,550,510,-40,00:21:21,1280.966,1
pert-josh,M8@bmm,4571,433,8614,5,814,NULL,2816587,2816587,2816587,2816591,LIMIT,BUY,1,510,2019-03-29T04:17:46.519,2019-03-29T04:17:52.332,,04:17:46.519,04:17:46.519,0,550,#N/A,#N/A,00:21:24,1283.761,1
pert-josh,M8@bmm,4571,433,8614,5,814,NULL,2816588,2816588,2816588,NULL,LIMIT,BUY,1,510,2019-03-29T04:17:46.776,2019-03-29T04:17:46.779,,04:17:46.776,04:17:46.776,0,550,#N/A,#N/A,00:21:24,1284.018,1
pert-josh,M5@bmm,4568,433,8614,5,814,NULL,2816591,2816590,2816590,2816587,LIMIT,SELL,1,510,2019-03-29T04:17:52.328,2019-03-29T04:17:52.332,,04:17:52.328,04:17:52.328,1,550,510,-40,00:21:30,1289.57,-1
pert-josh,M8@bmm,4571,433,8614,5,814,NULL,2816594,2816594,2816594,NULL,LIMIT,BUY,1,505,2019-03-29T04:17:57.607,2019-03-29T04:17:57.610,,04:17:57.607,04:17:57.607,0,550,#N/A,#N/A,00:21:35,1294.849,1
pert-josh,M8@bmm,4571,433,8614,5,814,NULL,2816595,2816595,2816595,NULL,LIMIT,BUY,1,505,2019-03-29T04:17:57.849,2019-03-29T04:17:57.852,,04:17:57.849,04:17:57.849,0,550,#N/A,#N/A,00:21:35,1295.091,1
pert-josh,M8@bmm,4571,433,8615,6,814,NULL,2816596,2816596,2816596,NULL,LIMIT,BUY,1,500,2019-03-29T04:18:22.802,2019-03-29T04:18:22.805,,04:18:22.802,04:18:22.802,0,500,#N/A,#N/A,00:22:00,1320.044,1
pert-josh,M8@bmm,4571,433,8615,6,814,NULL,2816597,2816597,2816597,NULL,LIMIT,BUY,1,500,2019-03-29T04:18:23.032,2019-03-29T04:18:23.036,,04:18:23.032,04:18:23.032,0,500,#N/A,#N/A,00:22:00,1320.274,1
pert-josh,M8@bmm,4571,433,8615,6,814,NULL,2816598,2816598,2816598,NULL,LIMIT,BUY,1,505,2019-03-29T04:18:25.446,2019-03-29T04:18:25.449,,04:18:25.446,04:18:25.446,0,500,#N/A,#N/A,00:22:03,1322.688,1
pert-josh,M8@bmm,4571,433,8615,6,814,NULL,2816599,2816599,2816599,NULL,LIMIT,BUY,1,505,2019-03-29T04:18:25.593,2019-03-29T04:18:25.596,,04:18:25.593,04:18:25.593,0,500,#N/A,#N/A,00:22:03,1322.835,1
pert-josh,M6@bmm,4569,433,8615,6,814,NULL,2816600,2816600,2816600,NULL,LIMIT,BUY,1,500,2019-03-29T04:18:25.976,2019-03-29T04:18:25.980,,04:18:25.976,04:18:25.976,0,500,#N/A,#N/A,00:22:03,1323.218,1
pert-josh,M6@bmm,4569,433,8615,6,814,NULL,2816601,2816601,2816601,NULL,LIMIT,BUY,1,500,2019-03-29T04:18:26.217,2019-03-29T04:18:26.221,,04:18:26.217,04:18:26.217,0,500,#N/A,#N/A,00:22:03,1323.459,1
pert-josh,M8@bmm,4571,433,8615,6,814,NULL,2816603,2816603,2816603,NULL,LIMIT,BUY,1,510,2019-03-29T04:18:27.297,2019-03-29T04:18:27.300,,04:18:27.297,04:18:27.297,0,500,#N/A,#N/A,00:22:05,1324.539,1
pert-josh,M6@bmm,4569,433,8615,6,814,NULL,2816605,2816605,2816605,NULL,LIMIT,SELL,2,525,2019-03-29T04:18:33.065,2019-03-29T04:18:33.069,,04:18:33.065,04:18:33.065,0,500,#N/A,#N/A,00:22:10,1330.307,-1
pert-josh,M6@bmm,4569,433,8615,6,814,NULL,2816606,2816606,2816606,NULL,LIMIT,SELL,2,525,2019-03-29T04:18:33.321,2019-03-29T04:18:33.325,,04:18:33.321,04:18:33.321,0,500,#N/A,#N/A,00:22:11,1330.563,-1
pert-josh,M7@bmm,4570,433,8615,6,814,NULL,2816607,2816607,2816607,2816608,LIMIT,BUY,1,515,2019-03-29T04:18:33.495,2019-03-29T04:18:33.515,,04:18:33.495,04:18:33.495,0,500,#N/A,#N/A,00:22:11,1330.737,1
pert-josh,M8@bmm,4571,433,8615,6,814,NULL,2816608,2816604,2816604,2816607,LIMIT,SELL,1,515,2019-03-29T04:18:33.501,2019-03-29T04:18:33.516,,04:18:33.501,04:18:33.501,1,500,515,15,00:22:11,1330.743,-1
pert-josh,M8@bmm,4571,433,8615,6,814,NULL,2816609,2816604,2816604,2816614,LIMIT,SELL,1,515,2019-03-29T04:18:32.435,2019-03-29T04:18:38.816,,04:18:32.435,04:18:32.435,0,500,#N/A,#N/A,00:22:10,1329.677,-1
pert-josh,M4@bmm,4567,433,8615,6,814,NULL,2816611,2816611,2816611,NULL,LIMIT,SELL,1,540,2019-03-29T04:18:35.371,2019-03-29T04:18:35.375,,04:18:35.371,04:18:35.371,0,500,#N/A,#N/A,00:22:13,1332.613,-1
pert-josh,M7@bmm,4570,433,8615,6,814,NULL,2816614,2816614,2816614,2816609,LIMIT,BUY,1,515,2019-03-29T04:18:38.809,2019-03-29T04:18:38.815,,04:18:38.809,04:18:38.809,1,500,515,15,00:22:16,1336.051,1
pert-josh,M6@bmm,4569,433,8615,6,814,NULL,2816615,2816615,2816615,NULL,LIMIT,SELL,2,535,2019-03-29T04:18:39.105,2019-03-29T04:18:39.109,,04:18:39.105,04:18:39.105,0,500,#N/A,#N/A,00:22:16,1336.347,-1
pert-josh,M6@bmm,4569,433,8615,6,814,NULL,2816616,2816616,2816616,NULL,LIMIT,SELL,2,535,2019-03-29T04:18:39.346,2019-03-29T04:18:39.349,,04:18:39.346,04:18:39.346,0,500,#N/A,#N/A,00:22:17,1336.588,-1
pert-josh,M5@bmm,4568,433,8615,6,814,NULL,2816617,2816617,2816617,2816618,LIMIT,BUY,1,515,2019-03-29T04:18:44.107,2019-03-29T04:18:44.120,,04:18:44.107,04:18:44.107,0,500,#N/A,#N/A,00:22:21,1341.349,1
pert-josh,M8@bmm,4571,433,8615,6,814,NULL,2816618,2816612,2816612,2816617,LIMIT,SELL,1,515,2019-03-29T04:18:44.113,2019-03-29T04:18:44.120,,04:18:44.113,04:18:44.113,1,500,515,15,00:22:21,1341.355,-1
pert-josh,M8@bmm,4571,433,8615,6,814,NULL,2816619,2816612,2816612,2816644,LIMIT,SELL,1,515,2019-03-29T04:18:36.916,2019-03-29T04:20:48.651,,04:18:36.916,04:18:36.916,0,500,#N/A,#N/A,00:22:14,1334.158,-1
pert-josh,M6@bmm,4569,433,8615,6,814,NULL,2816620,2816620,2816620,NULL,LIMIT,SELL,2,530,2019-03-29T04:18:44.161,2019-03-29T04:18:44.164,,04:18:44.161,04:18:44.161,0,500,#N/A,#N/A,00:22:21,1341.403,-1
pert-josh,M6@bmm,4569,433,8615,6,814,NULL,2816621,2816621,2816621,NULL,LIMIT,SELL,2,530,2019-03-29T04:18:44.307,2019-03-29T04:18:44.311,,04:18:44.307,04:18:44.307,0,500,#N/A,#N/A,00:22:22,1341.549,-1
pert-josh,M8@bmm,4571,433,8615,6,814,NULL,2816622,2816622,2816622,NULL,LIMIT,SELL,2,515,2019-03-29T04:18:44.395,2019-03-29T04:18:44.398,,04:18:44.395,04:18:44.395,0,500,#N/A,#N/A,00:22:22,1341.637,-1
pert-josh,M7@bmm,4570,433,8615,6,814,NULL,2816625,2816625,2816625,NULL,LIMIT,BUY,2,510,2019-03-29T04:18:49.336,2019-03-29T04:18:49.339,,04:18:49.336,04:18:49.336,0,500,#N/A,#N/A,00:22:27,1346.578,1
pert-josh,M6@bmm,4569,433,8615,6,814,NULL,2816627,2816627,2816627,NULL,LIMIT,BUY,2,505,2019-03-29T04:18:53.005,2019-03-29T04:18:53.009,,04:18:53.005,04:18:53.005,0,500,#N/A,#N/A,00:22:30,1350.247,1
pert-josh,M6@bmm,4569,433,8615,6,814,NULL,2816628,2816628,2816628,NULL,LIMIT,BUY,2,505,2019-03-29T04:18:53.635,2019-03-29T04:18:53.638,,04:18:53.635,04:18:53.635,0,500,#N/A,#N/A,00:22:31,1350.877,1
pert-josh,M6@bmm,4569,433,8615,6,814,NULL,2816631,2816631,2816631,NULL,LIMIT,SELL,2,540,2019-03-29T04:19:23.645,2019-03-29T04:19:23.648,,04:19:23.645,04:19:23.645,0,500,#N/A,#N/A,00:23:01,1380.887,-1
pert-josh,M6@bmm,4569,433,8615,6,814,NULL,2816632,2816632,2816632,NULL,LIMIT,SELL,1,540,2019-03-29T04:19:28.366,2019-03-29T04:19:28.370,,04:19:28.366,04:19:28.366,0,500,#N/A,#N/A,00:23:06,1385.608,-1
pert-josh,M4@bmm,4567,433,8615,6,814,NULL,2816636,2816636,2816636,NULL,LIMIT,BUY,1,505,2019-03-29T04:19:52.103,2019-03-29T04:19:52.106,,04:19:52.103,04:19:52.103,0,500,#N/A,#N/A,00:23:29,1409.345,1
pert-josh,M8@bmm,4571,433,8615,6,814,NULL,2816637,2816637,2816637,NULL,LIMIT,BUY,1,510,2019-03-29T04:20:03.041,2019-03-29T04:20:03.044,,04:20:03.041,04:20:03.041,0,500,#N/A,#N/A,00:23:40,1420.283,1
pert-josh,M4@bmm,4567,433,8615,6,814,NULL,2816638,2816638,2816638,NULL,LIMIT,SELL,1,520,2019-03-29T04:20:04.742,2019-03-29T04:20:04.745,,04:20:04.742,04:20:04.742,0,500,#N/A,#N/A,00:23:42,1421.984,-1
pert-josh,M1@bmm,4564,433,8615,6,814,NULL,2816644,2816643,2816643,2816619,LIMIT,BUY,1,515,2019-03-29T04:20:48.636,2019-03-29T04:20:48.652,,04:20:48.636,04:20:48.636,1,500,515,15,00:24:26,1465.878,1
pert-josh,M1@bmm,4564,433,8615,6,814,NULL,2816645,2816643,2816643,2816646,LIMIT,BUY,1,515,2019-03-29T04:20:48.641,2019-03-29T04:20:48.652,,04:20:48.641,04:20:48.641,0,500,#N/A,#N/A,00:24:26,1465.883,1
pert-josh,M8@bmm,4571,433,8615,6,814,NULL,2816646,2816613,2816613,2816645,LIMIT,SELL,1,515,2019-03-29T04:20:48.644,2019-03-29T04:20:48.652,,04:20:48.644,04:20:48.644,1,500,515,15,00:24:26,1465.886,-1
pert-josh,M8@bmm,4571,433,8615,6,814,NULL,2816647,2816613,2816613,NULL,LIMIT,SELL,1,515,2019-03-29T04:18:38.275,2019-03-29T04:20:48.652,,04:18:38.275,04:18:38.275,0,500,#N/A,#N/A,00:22:16,1335.517,-1
pert-josh,M6@bmm,4569,433,8616,7,814,NULL,2816649,2816649,2816649,NULL,LIMIT,BUY,2,505,2019-03-29T04:21:42.835,2019-03-29T04:21:42.839,,04:21:42.835,04:21:42.835,0,450,#N/A,#N/A,00:25:20,1520.077,1
pert-josh,M6@bmm,4569,433,8616,7,814,NULL,2816650,2816650,2816650,NULL,LIMIT,BUY,2,505,2019-03-29T04:21:43.102,2019-03-29T04:21:43.105,,04:21:43.102,04:21:43.102,0,450,#N/A,#N/A,00:25:20,1520.344,1
pert-josh,M7@bmm,4570,433,8616,7,814,NULL,2816654,2816654,2816654,2816692,LIMIT,BUY,1,510,2019-03-29T04:21:47.359,2019-03-29T04:22:47.745,,04:21:47.359,04:21:47.359,0,450,#N/A,#N/A,00:25:25,1524.601,1
pert-josh,M8@bmm,4571,433,8616,7,814,NULL,2816655,2816655,2816655,NULL,LIMIT,BUY,2,510,2019-03-29T04:21:48.249,2019-03-29T04:21:48.252,,04:21:48.249,04:21:48.249,0,450,#N/A,#N/A,00:25:25,1525.491,1
pert-josh,M8@bmm,4571,433,8616,7,814,NULL,2816656,2816656,2816656,NULL,LIMIT,BUY,2,510,2019-03-29T04:21:48.485,2019-03-29T04:21:48.488,,04:21:48.485,04:21:48.485,0,450,#N/A,#N/A,00:25:26,1525.727,1
pert-josh,M8@bmm,4571,433,8616,7,814,NULL,2816657,2816657,2816657,NULL,LIMIT,BUY,2,510,2019-03-29T04:21:48.696,2019-03-29T04:21:48.699,,04:21:48.696,04:21:48.696,0,450,#N/A,#N/A,00:25:26,1525.938,1
pert-josh,M8@bmm,4571,433,8616,7,814,NULL,2816659,2816659,2816659,NULL,LIMIT,BUY,2,510,2019-03-29T04:21:49.265,2019-03-29T04:21:49.268,,04:21:49.265,04:21:49.265,0,450,#N/A,#N/A,00:25:27,1526.507,1
pert-josh,M6@bmm,4569,433,8616,7,814,NULL,2816664,2816664,2816664,NULL,LIMIT,SELL,2,535,2019-03-29T04:21:53.831,2019-03-29T04:21:53.834,,04:21:53.831,04:21:53.831,0,450,#N/A,#N/A,00:25:31,1531.073,-1
pert-josh,M6@bmm,4569,433,8616,7,814,NULL,2816666,2816666,2816666,NULL,LIMIT,SELL,2,535,2019-03-29T04:21:54.965,2019-03-29T04:21:54.968,,04:21:54.965,04:21:54.965,0,450,#N/A,#N/A,00:25:32,1532.207,-1
pert-josh,M8@bmm,4571,433,8616,7,814,NULL,2816667,2816667,2816667,NULL,LIMIT,SELL,2,520,2019-03-29T04:21:55.639,2019-03-29T04:21:55.643,,04:21:55.639,04:21:55.639,0,450,#N/A,#N/A,00:25:33,1532.881,-1
pert-josh,M8@bmm,4571,433,8616,7,814,NULL,2816668,2816668,2816668,NULL,LIMIT,SELL,2,520,2019-03-29T04:21:55.824,2019-03-29T04:21:55.827,,04:21:55.824,04:21:55.824,0,450,#N/A,#N/A,00:25:33,1533.066,-1
pert-josh,M8@bmm,4571,433,8616,7,814,NULL,2816669,2816669,2816669,NULL,LIMIT,SELL,2,520,2019-03-29T04:21:56.087,2019-03-29T04:21:56.090,,04:21:56.087,04:21:56.087,0,450,#N/A,#N/A,00:25:33,1533.329,-1
pert-josh,M6@bmm,4569,433,8616,7,814,NULL,2816670,2816670,2816670,NULL,LIMIT,SELL,2,525,2019-03-29T04:21:58.735,2019-03-29T04:21:58.738,,04:21:58.735,04:21:58.735,0,450,#N/A,#N/A,00:25:36,1535.977,-1
pert-josh,M6@bmm,4569,433,8616,7,814,NULL,2816671,2816671,2816671,NULL,LIMIT,SELL,2,525,2019-03-29T04:21:58.870,2019-03-29T04:21:58.873,,04:21:58.870,04:21:58.870,0,450,#N/A,#N/A,00:25:36,1536.112,-1
pert-josh,M6@bmm,4569,433,8616,7,814,NULL,2816672,2816672,2816672,NULL,LIMIT,SELL,2,520,2019-03-29T04:22:00.549,2019-03-29T04:22:00.553,,04:22:00.549,04:22:00.549,0,450,#N/A,#N/A,00:25:38,1537.791,-1
pert-josh,M6@bmm,4569,433,8616,7,814,NULL,2816674,2816674,2816674,NULL,LIMIT,SELL,2,520,2019-03-29T04:22:00.692,2019-03-29T04:22:00.695,,04:22:00.692,04:22:00.692,0,450,#N/A,#N/A,00:25:38,1537.934,-1
pert-josh,M1@bmm,4564,433,8616,7,814,NULL,2816675,2816675,2816675,2816704,LIMIT,SELL,1,515,2019-03-29T04:22:03.027,2019-03-29T04:23:10.669,,04:22:03.027,04:22:03.027,0,450,#N/A,#N/A,00:25:40,1540.269,-1
pert-josh,M1@bmm,4564,433,8616,7,814,NULL,2816676,2816676,2816676,2816705,LIMIT,SELL,1,515,2019-03-29T04:22:04.441,2019-03-29T04:23:11.949,,04:22:04.441,04:22:04.441,0,450,#N/A,#N/A,00:25:42,1541.683,-1
pert-josh,M6@bmm,4569,433,8616,7,814,NULL,2816678,2816678,2816678,NULL,LIMIT,BUY,2,500,2019-03-29T04:22:14.023,2019-03-29T04:22:14.026,,04:22:14.023,04:22:14.023,0,450,#N/A,#N/A,00:25:51,1551.265,1
pert-josh,M6@bmm,4569,433,8616,7,814,NULL,2816679,2816679,2816679,NULL,LIMIT,BUY,2,500,2019-03-29T04:22:14.408,2019-03-29T04:22:14.411,,04:22:14.408,04:22:14.408,0,450,#N/A,#N/A,00:25:52,1551.65,1
pert-josh,M3@bmm,4566,433,8616,7,814,NULL,2816680,2816680,2816680,2816681,LIMIT,BUY,1,515,2019-03-29T04:22:15.265,2019-03-29T04:22:15.279,,04:22:15.265,04:22:15.265,0,450,#N/A,#N/A,00:25:53,1552.507,1
pert-josh,M8@bmm,4571,433,8616,7,814,NULL,2816681,2816661,2816661,2816680,LIMIT,SELL,1,515,2019-03-29T04:22:15.272,2019-03-29T04:22:15.279,,04:22:15.272,04:22:15.272,1,450,515,65,00:25:53,1552.514,-1
pert-josh,M8@bmm,4571,433,8616,7,814,NULL,2816682,2816661,2816661,2816695,LIMIT,SELL,1,515,2019-03-29T04:21:52.722,2019-03-29T04:22:57.099,,04:21:52.722,04:21:52.722,0,450,#N/A,#N/A,00:25:30,1529.964,-1
pert-josh,M7@bmm,4570,433,8616,7,814,NULL,2816685,2816685,2816685,2816707,LIMIT,SELL,1,515,2019-03-29T04:22:19.417,2019-03-29T04:23:14.782,,04:22:19.417,04:22:19.417,0,450,#N/A,#N/A,00:25:57,1556.659,-1
pert-josh,M4@bmm,4567,433,8616,7,814,NULL,2816686,2816686,2816686,NULL,LIMIT,BUY,1,500,2019-03-29T04:22:22.125,2019-03-29T04:22:22.129,,04:22:22.125,04:22:22.125,0,450,#N/A,#N/A,00:25:59,1559.367,1
pert-josh,M6@bmm,4569,433,8616,7,814,NULL,2816687,2816687,2816687,NULL,LIMIT,SELL,2,520,2019-03-29T04:22:26.024,2019-03-29T04:22:26.027,,04:22:26.024,04:22:26.024,0,450,#N/A,#N/A,00:26:03,1563.266,-1
pert-josh,M5@bmm,4568,433,8616,7,814,NULL,2816692,2816692,2816692,2816654,LIMIT,SELL,1,510,2019-03-29T04:22:47.737,2019-03-29T04:22:47.744,,04:22:47.737,04:22:47.737,1,450,510,60,00:26:25,1584.979,-1
pert-josh,M3@bmm,4566,433,8616,7,814,NULL,2816695,2816695,2816695,2816682,LIMIT,BUY,1,515,2019-03-29T04:22:57.090,2019-03-29T04:22:57.098,,04:22:57.090,04:22:57.090,1,450,515,65,00:26:34,1594.332,1
pert-josh,M4@bmm,4567,433,8616,7,814,NULL,2816696,2816696,2816696,NULL,LIMIT,SELL,1,540,2019-03-29T04:23:01.467,2019-03-29T04:23:01.470,,04:23:01.467,04:23:01.467,0,450,#N/A,#N/A,00:26:39,1598.709,-1
pert-josh,M3@bmm,4566,433,8616,7,814,NULL,2816697,2816697,2816697,2816698,LIMIT,BUY,1,515,2019-03-29T04:23:04.056,2019-03-29T04:23:04.069,,04:23:04.056,04:23:04.056,0,450,#N/A,#N/A,00:26:41,1601.298,1
pert-josh,M8@bmm,4571,433,8616,7,814,NULL,2816698,2816662,2816662,2816697,LIMIT,SELL,1,515,2019-03-29T04:23:04.062,2019-03-29T04:23:04.070,,04:23:04.062,04:23:04.062,1,450,515,65,00:26:41,1601.304,-1
pert-josh,M5@bmm,4568,433,8616,7,814,NULL,2816704,2816704,2816704,2816675,LIMIT,BUY,1,515,2019-03-29T04:23:10.662,2019-03-29T04:23:10.668,,04:23:10.662,04:23:10.662,1,450,515,65,00:26:48,1607.904,1
pert-josh,M5@bmm,4568,433,8616,7,814,NULL,2816705,2816705,2816705,2816676,LIMIT,BUY,1,515,2019-03-29T04:23:11.943,2019-03-29T04:23:11.949,,04:23:11.943,04:23:11.943,1,450,515,65,00:26:49,1609.185,1
pert-josh,M3@bmm,4566,433,8616,7,814,NULL,2816707,2816707,2816707,2816685,LIMIT,BUY,1,515,2019-03-29T04:23:14.775,2019-03-29T04:23:14.781,,04:23:14.775,04:23:14.775,1,450,515,65,00:26:52,1612.017,1
pert-josh,M2@bmm,4565,433,8616,7,814,NULL,2816708,2816708,2816708,2816709,LIMIT,SELL,1,515,2019-03-29T04:23:16.612,2019-03-29T04:23:19.308,,04:23:16.612,04:23:16.612,0,450,#N/A,#N/A,00:26:54,1613.854,-1
pert-josh,M5@bmm,4568,433,8616,7,814,NULL,2816709,2816709,2816709,2816708,LIMIT,BUY,1,515,2019-03-29T04:23:19.301,2019-03-29T04:23:19.308,,04:23:19.301,04:23:19.301,1,450,515,65,00:26:57,1616.543,1
pert-josh,M7@bmm,4570,433,8616,7,814,NULL,2816710,2816710,2816710,2816711,LIMIT,SELL,1,515,2019-03-29T04:23:20.100,2019-03-29T04:23:21.081,,04:23:20.100,04:23:20.100,0,450,#N/A,#N/A,00:26:57,1617.342,-1
pert-josh,M8@bmm,4571,433,8616,7,814,NULL,2816711,2816711,2816711,2816710,LIMIT,BUY,1,515,2019-03-29T04:23:21.071,2019-03-29T04:23:21.080,,04:23:21.071,04:23:21.071,1,450,515,65,00:26:58,1618.313,1
pert-josh,M7@bmm,4570,433,8616,7,814,NULL,2816712,2816712,2816712,2816713,LIMIT,BUY,1,515,2019-03-29T04:23:23.394,2019-03-29T04:23:26.073,,04:23:23.394,04:23:23.394,0,450,#N/A,#N/A,00:27:01,1620.636,1
pert-josh,M3@bmm,4566,433,8616,7,814,NULL,2816713,2816713,2816713,2816712,LIMIT,SELL,1,515,2019-03-29T04:23:26.066,2019-03-29T04:23:26.073,,04:23:26.066,04:23:26.066,1,450,515,65,00:27:03,1623.308,-1
pert-josh,M3@bmm,4566,433,8616,7,814,NULL,2816714,2816714,2816714,2816716,LIMIT,SELL,1,515,2019-03-29T04:23:26.475,2019-03-29T04:23:27.334,,04:23:26.475,04:23:26.475,0,450,#N/A,#N/A,00:27:04,1623.717,-1
pert-josh,M2@bmm,4565,433,8616,7,814,NULL,2816715,2816715,2816715,NULL,LIMIT,BUY,1,510,2019-03-29T04:23:26.984,2019-03-29T04:23:26.987,,04:23:26.984,04:23:26.984,0,450,#N/A,#N/A,00:27:04,1624.226,1
pert-josh,M4@bmm,4567,433,8616,7,814,NULL,2816716,2816716,2816716,2816714,LIMIT,BUY,1,515,2019-03-29T04:23:27.327,2019-03-29T04:23:27.333,,04:23:27.327,04:23:27.327,1,450,515,65,00:27:05,1624.569,1
pert-josh,M7@bmm,4570,433,8616,7,814,NULL,2816719,2816719,2816719,2816720,LIMIT,SELL,1,515,2019-03-29T04:23:32.883,2019-03-29T04:23:36.343,,04:23:32.883,04:23:32.883,0,450,#N/A,#N/A,00:27:10,1630.125,-1
pert-josh,M8@bmm,4571,433,8616,7,814,NULL,2816720,2816720,2816720,2816719,LIMIT,BUY,1,515,2019-03-29T04:23:36.334,2019-03-29T04:23:36.343,,04:23:36.334,04:23:36.334,1,450,515,65,00:27:14,1633.576,1
pert-josh,M6@bmm,4569,433,8616,7,814,NULL,2816724,2816724,2816724,2816725,LIMIT,BUY,1,515,2019-03-29T04:23:49.896,2019-03-29T04:23:51.465,,04:23:49.896,04:23:49.896,0,450,#N/A,#N/A,00:27:27,1647.138,1
pert-josh,M3@bmm,4566,433,8616,7,814,NULL,2816725,2816725,2816725,2816724,LIMIT,SELL,1,515,2019-03-29T04:23:51.457,2019-03-29T04:23:51.465,,04:23:51.457,04:23:51.457,1,450,515,65,00:27:29,1648.699,-1
pert-josh,M7@bmm,4570,433,8616,7,814,NULL,2816726,2816726,2816726,2816727,LIMIT,BUY,1,515,2019-03-29T04:23:54.309,2019-03-29T04:23:56.095,,04:23:54.309,04:23:54.309,0,450,#N/A,#N/A,00:27:32,1651.551,1
pert-josh,M3@bmm,4566,433,8616,7,814,NULL,2816727,2816727,2816727,2816726,LIMIT,SELL,1,515,2019-03-29T04:23:56.089,2019-03-29T04:23:56.095,,04:23:56.089,04:23:56.089,1,450,515,65,00:27:33,1653.331,-1
pert-josh,M7@bmm,4570,433,8616,7,814,NULL,2816728,2816728,2816728,2816729,LIMIT,BUY,1,515,2019-03-29T04:24:00.101,2019-03-29T04:24:01.053,,04:24:00.101,04:24:00.101,0,450,#N/A,#N/A,00:27:37,1657.343,1
pert-josh,M5@bmm,4568,433,8616,7,814,NULL,2816729,2816729,2816729,2816728,LIMIT,SELL,1,515,2019-03-29T04:24:01.046,2019-03-29T04:24:01.053,,04:24:01.046,04:24:01.046,1,450,515,65,00:27:38,1658.288,-1
pert-josh,M6@bmm,4569,433,8616,7,814,NULL,2816730,2816730,2816730,NULL,LIMIT,BUY,1,510,2019-03-29T04:24:02.874,2019-03-29T04:24:02.877,,04:24:02.874,04:24:02.874,0,450,#N/A,#N/A,00:27:40,1660.116,1
pert-josh,M6@bmm,4569,433,8616,7,814,NULL,2816731,2816731,2816731,NULL,LIMIT,BUY,1,510,2019-03-29T04:24:03.914,2019-03-29T04:24:03.917,,04:24:03.914,04:24:03.914,0,450,#N/A,#N/A,00:27:41,1661.156,1
pert-josh,M6@bmm,4569,433,8616,7,814,NULL,2816732,2816732,2816732,NULL,LIMIT,BUY,1,510,2019-03-29T04:24:05.569,2019-03-29T04:24:05.573,,04:24:05.569,04:24:05.569,0,450,#N/A,#N/A,00:27:43,1662.811,1
pert-josh,M6@bmm,4569,433,8616,7,814,NULL,2816733,2816733,2816733,NULL,LIMIT,BUY,1,510,2019-03-29T04:24:06.866,2019-03-29T04:24:06.870,,04:24:06.866,04:24:06.866,0,450,#N/A,#N/A,00:27:44,1664.108,1
pert-josh,M5@bmm,4568,433,8616,7,814,NULL,2816737,2816737,2816737,2816738,LIMIT,BUY,1,515,2019-03-29T04:24:19.287,2019-03-29T04:24:19.302,,04:24:19.287,04:24:19.287,0,450,#N/A,#N/A,00:27:57,1676.529,1
pert-josh,M4@bmm,4567,433,8616,7,814,NULL,2816738,2816735,2816735,2816737,LIMIT,SELL,1,515,2019-03-29T04:24:19.295,2019-03-29T04:24:19.302,,04:24:19.295,04:24:19.295,1,450,515,65,00:27:57,1676.537,-1
pert-josh,M4@bmm,4567,433,8616,7,814,NULL,2816739,2816735,2816735,2816740,LIMIT,SELL,1,515,2019-03-29T04:24:09.421,2019-03-29T04:24:25.559,,04:24:09.421,04:24:09.421,0,450,#N/A,#N/A,00:27:47,1666.663,-1
pert-josh,M3@bmm,4566,433,8616,7,814,NULL,2816740,2816740,2816740,2816739,LIMIT,BUY,1,515,2019-03-29T04:24:25.553,2019-03-29T04:24:25.559,,04:24:25.553,04:24:25.553,1,450,515,65,00:28:03,1682.795,1
pert-josh,M8@bmm,4571,433,8616,7,814,NULL,2816741,2816741,2816741,2816742,LIMIT,BUY,1,515,2019-03-29T04:24:28.380,2019-03-29T04:24:31.059,,04:24:28.380,04:24:28.380,0,450,#N/A,#N/A,00:28:06,1685.622,1
pert-josh,M5@bmm,4568,433,8616,7,814,NULL,2816742,2816742,2816742,2816741,LIMIT,SELL,1,515,2019-03-29T04:24:31.052,2019-03-29T04:24:31.059,,04:24:31.052,04:24:31.052,1,450,515,65,00:28:08,1688.294,-1
pert-josh,M8@bmm,4571,433,8616,7,814,NULL,2816743,2816743,2816743,2816744,LIMIT,BUY,1,515,2019-03-29T04:24:31.885,2019-03-29T04:24:34.126,,04:24:31.885,04:24:31.885,0,450,#N/A,#N/A,00:28:09,1689.127,1
pert-josh,M5@bmm,4568,433,8616,7,814,NULL,2816744,2816744,2816744,2816743,LIMIT,SELL,1,515,2019-03-29T04:24:34.120,2019-03-29T04:24:34.126,,04:24:34.120,04:24:34.120,1,450,515,65,00:28:11,1691.362,-1
pert-josh,M6@bmm,4569,433,8617,8,814,NULL,2816745,2816745,2816745,2816766,LIMIT,BUY,2,510,2019-03-29T04:24:59.175,2019-03-29T04:25:19.141,,04:24:59.175,04:24:59.175,0,400,#N/A,#N/A,00:28:36,1716.417,1
pert-josh,M7@bmm,4570,433,8617,8,814,NULL,2816749,2816749,2816749,2816761,LIMIT,SELL,1,515,2019-03-29T04:25:01.049,2019-03-29T04:25:10.777,,04:25:01.049,04:25:01.049,0,400,#N/A,#N/A,00:28:38,1718.291,-1
pert-josh,M6@bmm,4569,433,8617,8,814,NULL,2816750,2816750,2816750,NULL,LIMIT,BUY,2,505,2019-03-29T04:25:01.530,2019-03-29T04:25:01.533,,04:25:01.530,04:25:01.530,0,400,#N/A,#N/A,00:28:39,1718.772,1
pert-josh,M6@bmm,4569,433,8617,8,814,NULL,2816751,2816751,2816751,NULL,LIMIT,BUY,2,505,2019-03-29T04:25:01.810,2019-03-29T04:25:01.814,,04:25:01.810,04:25:01.810,0,400,#N/A,#N/A,00:28:39,1719.052,1
pert-josh,M7@bmm,4570,433,8617,8,814,NULL,2816754,2816754,2816754,NULL,LIMIT,SELL,1,520,2019-03-29T04:25:02.934,2019-03-29T04:25:02.938,,04:25:02.934,04:25:02.934,0,400,#N/A,#N/A,00:28:40,1720.176,-1
pert-josh,M1@bmm,4564,433,8617,8,814,NULL,2816755,2816755,2816755,NULL,LIMIT,BUY,1,505,2019-03-29T04:25:03.231,2019-03-29T04:25:03.234,,04:25:03.231,04:25:03.231,0,400,#N/A,#N/A,00:28:40,1720.473,1
pert-josh,M8@bmm,4571,433,8617,8,814,NULL,2816758,2816758,2816758,NULL,LIMIT,SELL,2,515,2019-03-29T04:25:06.137,2019-03-29T04:25:06.141,,04:25:06.137,04:25:06.137,0,400,#N/A,#N/A,00:28:43,1723.379,-1
pert-josh,M8@bmm,4571,433,8617,8,814,NULL,2816759,2816759,2816759,NULL,LIMIT,SELL,2,515,2019-03-29T04:25:06.404,2019-03-29T04:25:06.407,,04:25:06.404,04:25:06.404,0,400,#N/A,#N/A,00:28:44,1723.646,-1
pert-josh,M1@bmm,4564,433,8617,8,814,NULL,2816760,2816760,2816760,NULL,LIMIT,SELL,1,515,2019-03-29T04:25:06.824,2019-03-29T04:25:06.827,,04:25:06.824,04:25:06.824,0,400,#N/A,#N/A,00:28:44,1724.066,-1
pert-josh,M3@bmm,4566,433,8617,8,814,NULL,2816761,2816761,2816761,2816749,LIMIT,BUY,1,515,2019-03-29T04:25:10.771,2019-03-29T04:25:10.777,,04:25:10.771,04:25:10.771,1,400,515,115,00:28:48,1728.013,1
pert-josh,M4@bmm,4567,433,8617,8,814,NULL,2816762,2816762,2816762,NULL,LIMIT,SELL,1,525,2019-03-29T04:25:12.116,2019-03-29T04:25:12.119,,04:25:12.116,04:25:12.116,0,400,#N/A,#N/A,00:28:49,1729.358,-1
pert-josh,M8@bmm,4571,433,8617,8,814,NULL,2816766,2816766,2816766,2816745,LIMIT,SELL,2,510,2019-03-29T04:25:19.134,2019-03-29T04:25:19.141,,04:25:19.134,04:25:19.134,1,400,510,110,00:28:56,1736.376,-1
pert-josh,M6@bmm,4569,433,8617,8,814,NULL,2816768,2816768,2816768,NULL,LIMIT,SELL,2,520,2019-03-29T04:25:21.409,2019-03-29T04:25:21.412,,04:25:21.409,04:25:21.409,0,400,#N/A,#N/A,00:28:59,1738.651,-1
pert-josh,M8@bmm,4571,433,8617,8,814,NULL,2816776,2816776,2816776,2816777,LIMIT,SELL,1,510,2019-03-29T04:25:27.691,2019-03-29T04:25:27.704,,04:25:27.691,04:25:27.691,0,400,#N/A,#N/A,00:29:05,1744.933,-1
pert-josh,M6@bmm,4569,433,8617,8,814,NULL,2816777,2816746,2816746,2816776,LIMIT,BUY,1,510,2019-03-29T04:25:27.697,2019-03-29T04:25:27.704,,04:25:27.697,04:25:27.697,1,400,510,110,00:29:05,1744.939,1
pert-josh,M6@bmm,4569,433,8617,8,814,NULL,2816778,2816746,2816746,NULL,LIMIT,BUY,1,510,2019-03-29T04:24:59.410,2019-03-29T04:25:27.704,,04:24:59.410,04:24:59.410,0,400,#N/A,#N/A,00:28:37,1716.652,1
pert-josh,M6@bmm,4569,433,8617,8,814,NULL,2816782,2816782,2816782,NULL,LIMIT,SELL,2,520,2019-03-29T04:25:33.178,2019-03-29T04:25:33.181,,04:25:33.178,04:25:33.178,0,400,#N/A,#N/A,00:29:10,1750.42,-1
pert-josh,M7@bmm,4570,433,8617,8,814,NULL,2816783,2816783,2816783,NULL,LIMIT,BUY,1,510,2019-03-29T04:25:34.265,2019-03-29T04:25:34.268,,04:25:34.265,04:25:34.265,0,400,#N/A,#N/A,00:29:12,1751.507,1
pert-josh,M6@bmm,4569,433,8617,8,814,NULL,2816784,2816784,2816784,NULL,LIMIT,SELL,2,525,2019-03-29T04:25:35.914,2019-03-29T04:25:35.917,,04:25:35.914,04:25:35.914,0,400,#N/A,#N/A,00:29:13,1753.156,-1
pert-josh,M6@bmm,4569,433,8617,8,814,NULL,2816785,2816785,2816785,NULL,LIMIT,SELL,2,525,2019-03-29T04:25:36.786,2019-03-29T04:25:36.789,,04:25:36.786,04:25:36.786,0,400,#N/A,#N/A,00:29:14,1754.028,-1
pert-josh,M8@bmm,4571,433,8617,8,814,NULL,2816787,2816787,2816787,NULL,LIMIT,BUY,1,510,2019-03-29T04:25:37.804,2019-03-29T04:25:37.807,,04:25:37.804,04:25:37.804,0,400,#N/A,#N/A,00:29:15,1755.046,1
pert-josh,M8@bmm,4571,433,8617,8,814,NULL,2816788,2816788,2816788,NULL,LIMIT,BUY,1,510,2019-03-29T04:25:38.300,2019-03-29T04:25:38.303,,04:25:38.300,04:25:38.300,0,400,#N/A,#N/A,00:29:16,1755.542,1
pert-josh,M6@bmm,4569,433,8617,8,814,NULL,2816789,2816789,2816789,NULL,LIMIT,SELL,2,530,2019-03-29T04:25:40.627,2019-03-29T04:25:40.630,,04:25:40.627,04:25:40.627,0,400,#N/A,#N/A,00:29:18,1757.869,-1
pert-josh,M6@bmm,4569,433,8617,8,814,NULL,2816790,2816790,2816790,NULL,LIMIT,SELL,2,530,2019-03-29T04:25:41.171,2019-03-29T04:25:41.174,,04:25:41.171,04:25:41.171,0,400,#N/A,#N/A,00:29:18,1758.413,-1
pert-josh,M8@bmm,4571,433,8617,8,814,NULL,2816791,2816791,2816791,NULL,LIMIT,BUY,1,505,2019-03-29T04:25:41.572,2019-03-29T04:25:41.575,,04:25:41.572,04:25:41.572,0,400,#N/A,#N/A,00:29:19,1758.814,1
pert-josh,M8@bmm,4571,433,8617,8,814,NULL,2816792,2816792,2816792,NULL,LIMIT,BUY,1,505,2019-03-29T04:25:42.107,2019-03-29T04:25:42.110,,04:25:42.107,04:25:42.107,0,400,#N/A,#N/A,00:29:19,1759.349,1
pert-josh,M2@bmm,4565,433,8617,8,814,NULL,2816794,2816794,2816794,NULL,LIMIT,BUY,1,510,2019-03-29T04:25:45.301,2019-03-29T04:25:45.304,,04:25:45.301,04:25:45.301,0,400,#N/A,#N/A,00:29:23,1762.543,1
pert-josh,M4@bmm,4567,433,8617,8,814,NULL,2816795,2816795,2816795,NULL,LIMIT,BUY,1,505,2019-03-29T04:25:47.457,2019-03-29T04:25:47.460,,04:25:47.457,04:25:47.457,0,400,#N/A,#N/A,00:29:25,1764.699,1
pert-josh,M3@bmm,4566,433,8617,8,814,NULL,2816798,2816798,2816798,2816799,LIMIT,BUY,1,515,2019-03-29T04:26:14.532,2019-03-29T04:26:14.545,,04:26:14.532,04:26:14.532,0,400,#N/A,#N/A,00:29:52,1791.774,1
pert-josh,M8@bmm,4571,433,8617,8,814,NULL,2816799,2816757,2816757,2816798,LIMIT,SELL,1,515,2019-03-29T04:26:14.538,2019-03-29T04:26:14.545,,04:26:14.538,04:26:14.538,1,400,515,115,00:29:52,1791.78,-1
pert-josh,M8@bmm,4571,433,8617,8,814,NULL,2816800,2816757,2816757,NULL,LIMIT,SELL,1,515,2019-03-29T04:25:05.886,2019-03-29T04:26:14.545,,04:25:05.886,04:25:05.886,0,400,#N/A,#N/A,00:28:43,1723.128,-1
pert-josh,M6@bmm,4569,433,8618,9,814,NULL,2816802,2816802,2816802,NULL,LIMIT,SELL,2,530,2019-03-29T04:27:19.657,2019-03-29T04:27:19.661,,04:27:19.657,04:27:19.657,0,350,#N/A,#N/A,00:30:57,1856.899,-1
pert-josh,M8@bmm,4571,433,8618,9,814,NULL,2816804,2816804,2816804,NULL,LIMIT,BUY,2,510,2019-03-29T04:27:19.815,2019-03-29T04:27:19.819,,04:27:19.815,04:27:19.815,0,350,#N/A,#N/A,00:30:57,1857.057,1
pert-josh,M8@bmm,4571,433,8618,9,814,NULL,2816805,2816805,2816805,NULL,LIMIT,BUY,2,510,2019-03-29T04:27:19.908,2019-03-29T04:27:19.912,,04:27:19.908,04:27:19.908,0,350,#N/A,#N/A,00:30:57,1857.15,1
pert-josh,M6@bmm,4569,433,8618,9,814,NULL,2816806,2816806,2816806,NULL,LIMIT,SELL,2,530,2019-03-29T04:27:19.966,2019-03-29T04:27:19.970,,04:27:19.966,04:27:19.966,0,350,#N/A,#N/A,00:30:57,1857.208,-1
pert-josh,M6@bmm,4569,433,8618,9,814,NULL,2816807,2816807,2816807,NULL,LIMIT,SELL,2,530,2019-03-29T04:27:20.034,2019-03-29T04:27:20.038,,04:27:20.034,04:27:20.034,0,350,#N/A,#N/A,00:30:57,1857.276,-1
pert-josh,M8@bmm,4571,433,8618,9,814,NULL,2816808,2816808,2816808,NULL,LIMIT,BUY,2,510,2019-03-29T04:27:20.058,2019-03-29T04:27:20.066,,04:27:20.058,04:27:20.058,0,350,#N/A,#N/A,00:30:57,1857.3,1
pert-josh,M8@bmm,4571,433,8618,9,814,NULL,2816809,2816809,2816809,NULL,LIMIT,BUY,2,510,2019-03-29T04:27:20.195,2019-03-29T04:27:20.198,,04:27:20.195,04:27:20.195,0,350,#N/A,#N/A,00:30:57,1857.437,1
pert-josh,M6@bmm,4569,433,8618,9,814,NULL,2816810,2816810,2816810,NULL,LIMIT,SELL,2,530,2019-03-29T04:27:21.805,2019-03-29T04:27:21.811,,04:27:21.805,04:27:21.805,0,350,#N/A,#N/A,00:30:59,1859.047,-1
pert-josh,M1@bmm,4564,433,8618,9,814,NULL,2816811,2816811,2816811,NULL,LIMIT,BUY,1,500,2019-03-29T04:27:22.425,2019-03-29T04:27:22.428,,04:27:22.425,04:27:22.425,0,350,#N/A,#N/A,00:31:00,1859.667,1
pert-josh,M6@bmm,4569,433,8618,9,814,NULL,2816813,2816813,2816813,NULL,LIMIT,SELL,2,530,2019-03-29T04:27:22.726,2019-03-29T04:27:22.728,,04:27:22.726,04:27:22.726,0,350,#N/A,#N/A,00:31:00,1859.968,-1
pert-josh,M8@bmm,4571,433,8618,9,814,NULL,2816818,2816818,2816818,NULL,LIMIT,SELL,2,515,2019-03-29T04:27:24.242,2019-03-29T04:27:24.246,,04:27:24.242,04:27:24.242,0,350,#N/A,#N/A,00:31:01,1861.484,-1
pert-josh,M4@bmm,4567,433,8618,9,814,NULL,2816821,2816821,2816821,NULL,LIMIT,BUY,1,495,2019-03-29T04:27:27.741,2019-03-29T04:27:27.745,,04:27:27.741,04:27:27.741,0,350,#N/A,#N/A,00:31:05,1864.983,1
pert-josh,M6@bmm,4569,433,8618,9,814,NULL,2816823,2816823,2816823,NULL,LIMIT,SELL,2,530,2019-03-29T04:27:33.807,2019-03-29T04:27:33.810,,04:27:33.807,04:27:33.807,0,350,#N/A,#N/A,00:31:11,1871.049,-1
pert-josh,M8@bmm,4571,433,8618,9,814,NULL,2816828,2816828,2816828,NULL,LIMIT,SELL,2,520,2019-03-29T04:27:48.017,2019-03-29T04:27:48.021,,04:27:48.017,04:27:48.017,0,350,#N/A,#N/A,00:31:25,1885.259,-1
pert-josh,M8@bmm,4571,433,8618,9,814,NULL,2816829,2816829,2816829,NULL,LIMIT,SELL,2,520,2019-03-29T04:27:48.601,2019-03-29T04:27:48.604,,04:27:48.601,04:27:48.601,0,350,#N/A,#N/A,00:31:26,1885.843,-1
pert-josh,M7@bmm,4570,433,8618,9,814,NULL,2816830,2816830,2816830,NULL,LIMIT,SELL,2,515,2019-03-29T04:27:53.440,2019-03-29T04:27:53.443,,04:27:53.440,04:27:53.440,0,350,#N/A,#N/A,00:31:31,1890.682,-1
pert-josh,M2@bmm,4565,433,8618,9,814,NULL,2816831,2816831,2816831,2816832,LIMIT,SELL,1,510,2019-03-29T04:27:59.552,2019-03-29T04:27:59.580,,04:27:59.552,04:27:59.552,0,350,#N/A,#N/A,00:31:37,1896.794,-1
pert-josh,M8@bmm,4571,433,8618,9,814,NULL,2816832,2816803,2816803,2816831,LIMIT,BUY,1,510,2019-03-29T04:27:59.559,2019-03-29T04:27:59.580,,04:27:59.559,04:27:59.559,1,350,510,160,00:31:37,1896.801,1
pert-josh,M8@bmm,4571,433,8618,9,814,NULL,2816833,2816803,2816803,NULL,LIMIT,BUY,1,510,2019-03-29T04:27:19.671,2019-03-29T04:27:59.581,,04:27:19.671,04:27:19.671,0,350,#N/A,#N/A,00:30:57,1856.913,1
pert-josh,M6@bmm,4569,433,8618,9,814,NULL,2816834,2816834,2816834,NULL,LIMIT,SELL,2,520,2019-03-29T04:28:00.871,2019-03-29T04:28:00.874,,04:28:00.871,04:28:00.871,0,350,#N/A,#N/A,00:31:38,1898.113,-1
pert-josh,M6@bmm,4569,433,8618,9,814,NULL,2816835,2816835,2816835,NULL,LIMIT,SELL,2,520,2019-03-29T04:28:01.098,2019-03-29T04:28:01.101,,04:28:01.098,04:28:01.098,0,350,#N/A,#N/A,00:31:38,1898.34,-1
