account,email,owner,marketplace,session,period,periodOrig,market,target,order,original,supplier,consumer,type,side,units,price,createdDate,lastModifiedDate,16. just time,17. just second,trade,fair value,trade price,mispricing,time secs,buy/sell,vol1,vol2,vol3,vol4,vol5,vol6,vol7,vol8
limpid-josh,M1@bmm,8038,1280,32648,1,32648,2236,NULL,19832734,19832734,19832734,19832744,LIMIT,BUY,1,560,2021-05-20T07:17:17.696,2021-05-20T07:17:39.472,17:17.7,07:17:17,0,750,0,#N/A,0,1,0,0,0,0,0,0,0,0
limpid-josh,M1@bmm,8038,1280,32648,1,32648,2236,NULL,19832735,19832735,19832735,0,LIMIT,BUY,2,560,2021-05-20T07:17:18.202,2021-05-20T07:17:52.551,17:18.2,07:17:18,0,750,0,#N/A,0.506,1,0,0,0,0,0,0,0,0
limpid-josh,M1@bmm,8038,1280,32648,1,32648,2236,NULL,19832736,19832736,19832736,0,LIMIT,BUY,2,560,2021-05-20T07:17:18.819,2021-05-20T07:18:21.202,17:18.8,07:17:18,0,750,0,#N/A,1.123,1,0,0,0,0,0,0,0,0
limpid-josh,M1@bmm,8038,1280,32648,1,32648,2236,NULL,19832737,19832737,19832737,NULL,LIMIT,BUY,2,535,2021-05-20T07:17:22.261,2021-05-20T07:17:22.266,17:22.3,07:17:22,0,750,0,#N/A,4.565,1,0,0,0,0,0,0,0,0
limpid-josh,M4@bmm,8041,1280,32648,1,32648,2236,NULL,19832738,19832738,19832738,19832756,LIMIT,BUY,2,380,2021-05-20T07:17:22.603,2021-05-20T07:18:07.486,17:22.6,07:17:22,0,750,0,#N/A,4.907,1,0,0,0,0,0,0,0,0
limpid-josh,M1@bmm,8038,1280,32648,1,32648,2236,NULL,19832739,19832739,19832739,NULL,LIMIT,BUY,2,525,2021-05-20T07:17:24.210,2021-05-20T07:17:24.214,17:24.2,07:17:24,0,750,0,#N/A,6.514,1,0,0,0,0,0,0,0,0
limpid-josh,M8@bmm,8045,1280,32648,1,32648,2236,NULL,19832740,19832740,19832740,19832766,LIMIT,BUY,1,490,2021-05-20T07:17:33.397,2021-05-20T07:18:20.582,17:33.4,07:17:33,0,750,0,#N/A,15.701,1,0,0,0,0,0,0,0,0
limpid-josh,M1@bmm,8038,1280,32648,1,32648,2236,NULL,19832741,19832741,19832741,19832830,LIMIT,SELL,2,655,2021-05-20T07:17:36.137,2021-05-20T07:21:03.612,17:36.1,07:17:36,0,750,0,#N/A,18.441,-1,0,0,0,0,0,0,0,0
limpid-josh,M1@bmm,8038,1280,32648,1,32648,2236,NULL,19832742,19832742,19832742,19832797,LIMIT,SELL,2,655,2021-05-20T07:17:36.786,2021-05-20T07:19:17.604,17:36.8,07:17:36,0,750,0,#N/A,19.09,-1,0,0,0,0,0,0,0,0
limpid-josh,M7@bmm,8044,1280,32648,1,32648,2236,NULL,19832743,19832743,19832743,0,LIMIT,SELL,1,555,2021-05-20T07:17:39.445,2021-05-20T07:17:39.470,17:39.4,07:17:39,0,750,0,#N/A,21.749,-1,0,0,0,0,0,0,0,0
limpid-josh,M7@bmm,8044,1280,32648,1,32648,2236,NULL,19832744,19832743,19832743,19832734,LIMIT,SELL,1,560,2021-05-20T07:17:39.460,2021-05-20T07:17:39.473,17:39.5,07:17:39,1,750,560,-190,21.764,-1,0,0,0,0,0,0,1,0
limpid-josh,M3@bmm,8040,1280,32648,1,32648,2236,NULL,19832745,19832745,19832745,19832849,LIMIT,SELL,1,650,2021-05-20T07:17:42.866,2021-05-20T07:21:31.800,17:42.9,07:17:42,0,750,0,#N/A,25.17,-1,0,0,0,0,0,0,0,0
limpid-josh,M8@bmm,8045,1280,32648,1,32648,2236,NULL,19832746,19832746,19832746,0,LIMIT,SELL,1,510,2021-05-20T07:17:52.510,2021-05-20T07:17:52.548,17:52.5,07:17:52,0,750,0,#N/A,34.814,-1,0,0,0,0,0,0,0,0
limpid-josh,M8@bmm,8045,1280,32648,1,32648,2236,NULL,19832747,19832746,19832746,19832748,LIMIT,SELL,1,560,2021-05-20T07:17:52.524,2021-05-20T07:17:52.552,17:52.5,07:17:52,0,750,0,#N/A,34.828,-1,0,0,0,0,0,0,0,0
limpid-josh,M1@bmm,8038,1280,32648,1,32648,2236,NULL,19832748,19832735,19832735,19832747,LIMIT,BUY,1,560,2021-05-20T07:17:52.530,2021-05-20T07:17:52.552,17:52.5,07:17:52,1,750,560,-190,34.834,1,1,0,0,0,0,0,0,0
limpid-josh,M1@bmm,8038,1280,32648,1,32648,2236,NULL,19832749,19832735,19832735,19832764,LIMIT,BUY,1,560,2021-05-20T07:17:18.202,2021-05-20T07:18:16.074,17:18.2,07:17:18,0,750,0,#N/A,0.506,1,0,0,0,0,0,0,0,0
limpid-josh,M1@bmm,8038,1280,32648,1,32648,2236,NULL,19832750,19832750,19832750,0,LIMIT,SELL,2,570,2021-05-20T07:17:52.697,2021-05-20T07:18:10.006,17:52.7,07:17:52,0,750,0,#N/A,35.001,-1,0,0,0,0,0,0,0,0
limpid-josh,M1@bmm,8038,1280,32648,1,32648,2236,NULL,19832751,19832751,19832751,0,LIMIT,SELL,2,580,2021-05-20T07:17:54.232,2021-05-20T07:18:22.226,17:54.2,07:17:54,0,750,0,#N/A,36.536,-1,0,0,0,0,0,0,0,0
limpid-josh,M2@bmm,8039,1280,32648,1,32648,2236,NULL,19832752,19832752,19832752,NULL,LIMIT,BUY,1,390,2021-05-20T07:17:58.031,2021-05-20T07:17:58.035,17:58.0,07:17:58,0,750,0,#N/A,40.335,1,0,0,0,0,0,0,0,0
limpid-josh,M3@bmm,8040,1280,32648,1,32648,2236,NULL,19832753,19832753,19832753,19832754,LIMIT,BUY,1,380,2021-05-20T07:17:58.629,2021-05-20T07:18:01.541,17:58.6,07:17:58,0,750,0,#N/A,40.933,1,0,0,0,0,0,0,0,0
limpid-josh,M3@bmm,8040,1280,32648,1,32648,2236,NULL,19832754,19832753,19832754,19832753,CANCEL,BUY,1,380,2021-05-20T07:18:01.514,2021-05-20T07:18:01.531,18:01.5,07:18:01,0,750,0,#N/A,43.818,1,0,0,0,0,0,0,0,0
limpid-josh,M7@bmm,8044,1280,32648,1,32648,2236,NULL,19832755,19832755,19832755,19832851,LIMIT,BUY,1,510,2021-05-20T07:18:04.957,2021-05-20T07:21:42.429,18:05.0,07:18:04,0,750,0,#N/A,47.261,1,0,0,0,0,0,0,0,0
limpid-josh,M4@bmm,8041,1280,32648,1,32648,2236,NULL,19832756,19832738,19832756,19832738,CANCEL,BUY,2,380,2021-05-20T07:18:07.468,2021-05-20T07:18:07.485,18:07.5,07:18:07,0,750,0,#N/A,49.772,1,0,0,0,0,0,0,0,0
limpid-josh,M5@bmm,8042,1280,32648,1,32648,2236,NULL,19832757,19832757,19832757,0,LIMIT,BUY,1,575,2021-05-20T07:18:09.963,2021-05-20T07:18:10.004,18:10.0,07:18:09,0,750,0,#N/A,52.267,1,0,0,0,0,0,0,0,0
limpid-josh,M5@bmm,8042,1280,32648,1,32648,2236,NULL,19832758,19832757,19832757,19832759,LIMIT,BUY,1,570,2021-05-20T07:18:09.975,2021-05-20T07:18:10.011,18:10.0,07:18:09,0,750,0,#N/A,52.279,1,0,0,0,0,0,0,0,0
limpid-josh,M1@bmm,8038,1280,32648,1,32648,2236,NULL,19832759,19832750,19832750,19832758,LIMIT,SELL,1,570,2021-05-20T07:18:09.984,2021-05-20T07:18:10.012,18:10.0,07:18:09,1,750,570,-180,52.288,-1,1,0,0,0,0,0,0,0
limpid-josh,M1@bmm,8038,1280,32648,1,32648,2236,NULL,19832760,19832750,19832750,19832762,LIMIT,SELL,1,570,2021-05-20T07:17:52.697,2021-05-20T07:18:10.431,17:52.7,07:17:52,0,750,0,#N/A,35.001,-1,0,0,0,0,0,0,0,0
limpid-josh,M5@bmm,8042,1280,32648,1,32648,2236,NULL,19832761,19832761,19832761,0,LIMIT,BUY,1,575,2021-05-20T07:18:10.402,2021-05-20T07:18:10.430,18:10.4,07:18:10,0,750,0,#N/A,52.706,1,0,0,0,0,0,0,0,0
limpid-josh,M5@bmm,8042,1280,32648,1,32648,2236,NULL,19832762,19832761,19832761,19832760,LIMIT,BUY,1,570,2021-05-20T07:18:10.417,2021-05-20T07:18:10.432,18:10.4,07:18:10,1,750,570,-180,52.721,1,0,0,0,0,1,0,0,0
limpid-josh,M8@bmm,8045,1280,32648,1,32648,2236,NULL,19832763,19832763,19832763,0,LIMIT,SELL,1,555,2021-05-20T07:18:16.053,2021-05-20T07:18:16.073,18:16.1,07:18:16,0,750,0,#N/A,58.357,-1,0,0,0,0,0,0,0,0
limpid-josh,M8@bmm,8045,1280,32648,1,32648,2236,NULL,19832764,19832763,19832763,19832749,LIMIT,SELL,1,560,2021-05-20T07:18:16.064,2021-05-20T07:18:16.075,18:16.1,07:18:16,1,750,560,-190,58.368,-1,0,0,0,0,0,0,0,1
limpid-josh,M6@bmm,8043,1280,32648,1,32648,2236,NULL,19832765,19832765,19832765,NULL,LIMIT,BUY,2,350,2021-05-20T07:18:17.805,2021-05-20T07:18:17.810,18:17.8,07:18:17,0,750,0,#N/A,60.109,1,0,0,0,0,0,0,0,0
limpid-josh,M8@bmm,8045,1280,32648,1,32648,2236,NULL,19832766,19832740,19832766,19832740,CANCEL,BUY,1,490,2021-05-20T07:18:20.571,2021-05-20T07:18:20.581,18:20.6,07:18:20,0,750,0,#N/A,62.875,1,0,0,0,0,0,0,0,0
limpid-josh,M7@bmm,8044,1280,32648,1,32648,2236,NULL,19832767,19832767,19832767,19832768,LIMIT,SELL,1,560,2021-05-20T07:18:21.179,2021-05-20T07:18:21.201,18:21.2,07:18:21,0,750,0,#N/A,63.483,-1,0,0,0,0,0,0,0,0
limpid-josh,M1@bmm,8038,1280,32648,1,32648,2236,NULL,19832768,19832736,19832736,19832767,LIMIT,BUY,1,560,2021-05-20T07:18:21.191,2021-05-20T07:18:21.202,18:21.2,07:18:21,1,750,560,-190,63.495,1,1,0,0,0,0,0,0,0
limpid-josh,M1@bmm,8038,1280,32648,1,32648,2236,NULL,19832769,19832736,19832736,NULL,LIMIT,BUY,1,560,2021-05-20T07:17:18.819,2021-05-20T07:18:21.203,17:18.8,07:17:18,0,750,0,#N/A,1.123,1,0,0,0,0,0,0,0,0
limpid-josh,M3@bmm,8040,1280,32648,1,32648,2236,NULL,19832770,19832770,19832770,19832771,LIMIT,BUY,1,580,2021-05-20T07:18:22.194,2021-05-20T07:18:22.222,18:22.2,07:18:22,0,750,0,#N/A,64.498,1,0,0,0,0,0,0,0,0
limpid-josh,M1@bmm,8038,1280,32648,1,32648,2236,NULL,19832771,19832751,19832751,19832770,LIMIT,SELL,1,580,2021-05-20T07:18:22.205,2021-05-20T07:18:22.227,18:22.2,07:18:22,1,750,580,-170,64.509,-1,1,0,0,0,0,0,0,0
limpid-josh,M1@bmm,8038,1280,32648,1,32648,2236,NULL,19832772,19832751,19832751,19832773,LIMIT,SELL,1,580,2021-05-20T07:17:54.232,2021-05-20T07:18:23.135,17:54.2,07:17:54,0,750,0,#N/A,36.536,-1,0,0,0,0,0,0,0,0
limpid-josh,M3@bmm,8040,1280,32648,1,32648,2236,NULL,19832773,19832773,19832773,19832772,LIMIT,BUY,1,580,2021-05-20T07:18:23.121,2021-05-20T07:18:23.134,18:23.1,07:18:23,1,750,580,-170,65.425,1,0,0,1,0,0,0,0,0
limpid-josh,M4@bmm,8041,1280,32648,1,32648,2236,NULL,19832774,19832774,19832774,19832814,LIMIT,BUY,1,550,2021-05-20T07:18:28.719,2021-05-20T07:19:42.837,18:28.7,07:18:28,0,750,0,#N/A,71.023,1,0,0,0,0,0,0,0,0
limpid-josh,M5@bmm,8042,1280,32648,1,32648,2236,NULL,19832775,19832775,19832775,19832826,LIMIT,SELL,1,600,2021-05-20T07:18:30.152,2021-05-20T07:20:46.555,18:30.2,07:18:30,0,750,0,#N/A,72.456,-1,0,0,0,0,0,0,0,0
limpid-josh,M4@bmm,8041,1280,32648,1,32648,2236,NULL,19832776,19832776,19832776,19832813,LIMIT,BUY,1,550,2021-05-20T07:18:30.401,2021-05-20T07:19:42.408,18:30.4,07:18:30,0,750,0,#N/A,72.705,1,0,0,0,0,0,0,0,0
limpid-josh,M8@bmm,8045,1280,32648,1,32648,2236,NULL,19832777,19832777,19832777,19832784,LIMIT,BUY,1,500,2021-05-20T07:18:30.687,2021-05-20T07:18:49.520,18:30.7,07:18:30,0,750,0,#N/A,72.991,1,0,0,0,0,0,0,0,0
limpid-josh,M4@bmm,8041,1280,32648,1,32648,2236,NULL,19832778,19832778,19832778,19832801,LIMIT,BUY,1,550,2021-05-20T07:18:31.490,2021-05-20T07:19:19.993,18:31.5,07:18:31,0,750,0,#N/A,73.794,1,0,0,0,0,0,0,0,0
limpid-josh,M4@bmm,8041,1280,32648,1,32648,2236,NULL,19832779,19832779,19832779,19832800,LIMIT,BUY,1,550,2021-05-20T07:18:33.860,2021-05-20T07:19:19.414,18:33.9,07:18:33,0,750,0,#N/A,76.164,1,0,0,0,0,0,0,0,0
limpid-josh,M4@bmm,8041,1280,32648,1,32648,2236,NULL,19832780,19832780,19832780,19832799,LIMIT,BUY,1,550,2021-05-20T07:18:34.746,2021-05-20T07:19:18.695,18:34.7,07:18:34,0,750,0,#N/A,77.05,1,0,0,0,0,0,0,0,0
limpid-josh,M4@bmm,8041,1280,32648,1,32648,2236,NULL,19832781,19832781,19832781,19832798,LIMIT,BUY,1,550,2021-05-20T07:18:34.992,2021-05-20T07:19:17.880,18:35.0,07:18:34,0,750,0,#N/A,77.296,1,0,0,0,0,0,0,0,0
limpid-josh,M3@bmm,8040,1280,32648,1,32648,2236,NULL,19832782,19832782,19832782,NULL,LIMIT,SELL,1,610,2021-05-20T07:18:39.706,2021-05-20T07:18:39.710,18:39.7,07:18:39,0,750,0,#N/A,82.01,-1,0,0,0,0,0,0,0,0
limpid-josh,M6@bmm,8043,1280,32648,1,32648,2236,NULL,19832783,19832783,19832783,NULL,LIMIT,BUY,2,500,2021-05-20T07:18:43.392,2021-05-20T07:18:43.396,18:43.4,07:18:43,0,750,0,#N/A,85.696,1,0,0,0,0,0,0,0,0
limpid-josh,M8@bmm,8045,1280,32648,1,32648,2236,NULL,19832784,19832777,19832784,19832777,CANCEL,BUY,1,500,2021-05-20T07:18:49.508,2021-05-20T07:18:49.519,18:49.5,07:18:49,0,750,0,#N/A,91.812,1,0,0,0,0,0,0,0,0
limpid-josh,M6@bmm,8043,1280,32648,1,32648,2236,NULL,19832785,19832785,19832785,NULL,LIMIT,SELL,2,1000,2021-05-20T07:18:56.079,2021-05-20T07:18:56.083,18:56.1,07:18:56,0,750,0,#N/A,98.383,-1,0,0,0,0,0,0,0,0
limpid-josh,M3@bmm,8040,1280,32648,1,32648,2236,NULL,19832786,19832786,19832786,19832791,LIMIT,BUY,1,500,2021-05-20T07:18:57.960,2021-05-20T07:19:05.316,18:58.0,07:18:57,0,750,0,#N/A,100.264,1,0,0,0,0,0,0,0,0
limpid-josh,M1@bmm,8038,1280,32648,1,32648,2236,NULL,19832787,19832787,19832787,NULL,LIMIT,BUY,2,570,2021-05-20T07:18:58.129,2021-05-20T07:18:58.133,18:58.1,07:18:58,0,750,0,#N/A,100.433,1,0,0,0,0,0,0,0,0
limpid-josh,M1@bmm,8038,1280,32648,1,32648,2236,NULL,19832788,19832788,19832788,19832789,LIMIT,BUY,2,570,2021-05-20T07:18:59.059,2021-05-20T07:19:00.617,18:59.1,07:18:59,0,750,0,#N/A,101.363,1,0,0,0,0,0,0,0,0
limpid-josh,M1@bmm,8038,1280,32648,1,32648,2236,NULL,19832789,19832788,19832789,19832788,CANCEL,BUY,2,570,2021-05-20T07:19:00.606,2021-05-20T07:19:00.616,19:00.6,07:19:00,0,750,0,#N/A,102.91,1,0,0,0,0,0,0,0,0
limpid-josh,M1@bmm,8038,1280,32648,1,32648,2236,NULL,19832790,19832790,19832790,0,LIMIT,BUY,2,580,2021-05-20T07:19:02.656,2021-05-20T07:19:06.634,19:02.7,07:19:02,0,750,0,#N/A,104.96,1,0,0,0,0,0,0,0,0
limpid-josh,M3@bmm,8040,1280,32648,1,32648,2236,NULL,19832791,19832786,19832791,19832786,CANCEL,BUY,1,500,2021-05-20T07:19:05.304,2021-05-20T07:19:05.314,19:05.3,07:19:05,0,750,0,#N/A,107.608,1,0,0,0,0,0,0,0,0
limpid-josh,M7@bmm,8044,1280,32648,1,32648,2236,NULL,19832792,19832792,19832792,19832793,LIMIT,SELL,1,580,2021-05-20T07:19:06.603,2021-05-20T07:19:06.632,19:06.6,07:19:06,0,750,0,#N/A,108.907,-1,0,0,0,0,0,0,0,0
limpid-josh,M1@bmm,8038,1280,32648,1,32648,2236,NULL,19832793,19832790,19832790,19832792,LIMIT,BUY,1,580,2021-05-20T07:19:06.619,2021-05-20T07:19:06.634,19:06.6,07:19:06,1,750,580,-170,108.923,1,1,0,0,0,0,0,0,0
limpid-josh,M1@bmm,8038,1280,32648,1,32648,2236,NULL,19832794,19832790,19832790,NULL,LIMIT,BUY,1,580,2021-05-20T07:19:02.656,2021-05-20T07:19:06.635,19:02.7,07:19:02,0,750,0,#N/A,104.96,1,0,0,0,0,0,0,0,0
limpid-josh,M4@bmm,8041,1280,32648,1,32648,2236,NULL,19832795,19832795,19832795,19832805,LIMIT,BUY,1,590,2021-05-20T07:19:12.067,2021-05-20T07:19:30.052,19:12.1,07:19:12,0,750,0,#N/A,114.371,1,0,0,0,0,0,0,0,0
limpid-josh,M6@bmm,8043,1280,32648,1,32648,2236,NULL,19832796,19832796,19832796,NULL,LIMIT,BUY,2,400,2021-05-20T07:19:14.436,2021-05-20T07:19:14.442,19:14.4,07:19:14,0,750,0,#N/A,116.74,1,0,0,0,0,0,0,0,0
limpid-josh,M1@bmm,8038,1280,32648,1,32648,2236,NULL,19832797,19832742,19832797,19832742,CANCEL,SELL,2,655,2021-05-20T07:19:17.588,2021-05-20T07:19:17.603,19:17.6,07:19:17,0,750,0,#N/A,119.892,-1,0,0,0,0,0,0,0,0
limpid-josh,M4@bmm,8041,1280,32648,1,32648,2236,NULL,19832798,19832781,19832798,19832781,CANCEL,BUY,1,550,2021-05-20T07:19:17.858,2021-05-20T07:19:17.874,19:17.9,07:19:17,0,750,0,#N/A,120.162,1,0,0,0,0,0,0,0,0
limpid-josh,M4@bmm,8041,1280,32648,1,32648,2236,NULL,19832799,19832780,19832799,19832780,CANCEL,BUY,1,550,2021-05-20T07:19:18.679,2021-05-20T07:19:18.694,19:18.7,07:19:18,0,750,0,#N/A,120.983,1,0,0,0,0,0,0,0,0
limpid-josh,M4@bmm,8041,1280,32648,1,32648,2236,NULL,19832800,19832779,19832800,19832779,CANCEL,BUY,1,550,2021-05-20T07:19:19.400,2021-05-20T07:19:19.409,19:19.4,07:19:19,0,750,0,#N/A,121.704,1,0,0,0,0,0,0,0,0
limpid-josh,M4@bmm,8041,1280,32648,1,32648,2236,NULL,19832801,19832778,19832801,19832778,CANCEL,BUY,1,550,2021-05-20T07:19:19.981,2021-05-20T07:19:19.993,19:20.0,07:19:19,0,750,0,#N/A,122.285,1,0,0,0,0,0,0,0,0
limpid-josh,M3@bmm,8040,1280,32648,1,32648,2236,NULL,19832802,19832802,19832802,19832838,LIMIT,SELL,1,605,2021-05-20T07:19:23.827,2021-05-20T07:21:11.548,19:23.8,07:19:23,0,750,0,#N/A,126.131,-1,0,0,0,0,0,0,0,0
limpid-josh,M1@bmm,8038,1280,32648,1,32648,2236,NULL,19832803,19832803,19832803,0,LIMIT,BUY,2,585,2021-05-20T07:19:24.647,2021-05-20T07:19:38.724,19:24.6,07:19:24,0,750,0,#N/A,126.951,1,0,0,0,0,0,0,0,0
limpid-josh,M8@bmm,8045,1280,32648,1,32648,2236,NULL,19832804,19832804,19832804,0,LIMIT,SELL,2,590,2021-05-20T07:19:30.012,2021-05-20T07:19:30.049,19:30.0,07:19:30,0,750,0,#N/A,132.316,-1,0,0,0,0,0,0,0,0
limpid-josh,M8@bmm,8045,1280,32648,1,32648,2236,NULL,19832805,19832804,19832804,19832795,LIMIT,SELL,1,590,2021-05-20T07:19:30.034,2021-05-20T07:19:30.052,19:30.0,07:19:30,1,750,590,-160,132.338,-1,0,0,0,0,0,0,0,1
limpid-josh,M8@bmm,8045,1280,32648,1,32648,2236,NULL,19832806,19832804,19832804,19832809,LIMIT,SELL,1,590,2021-05-20T07:19:30.012,2021-05-20T07:19:35.468,19:30.0,07:19:30,0,750,0,#N/A,132.316,-1,0,0,0,0,0,0,0,0
limpid-josh,M4@bmm,8041,1280,32648,1,32648,2236,NULL,19832807,19832807,19832807,19832822,LIMIT,BUY,1,585,2021-05-20T07:19:34.710,2021-05-20T07:20:38.276,19:34.7,07:19:34,0,750,0,#N/A,137.014,1,0,0,0,0,0,0,0,0
limpid-josh,M4@bmm,8041,1280,32648,1,32648,2236,NULL,19832808,19832808,19832808,19832853,LIMIT,BUY,1,585,2021-05-20T07:19:35.001,2021-05-20T07:21:56.530,19:35.0,07:19:35,0,750,0,#N/A,137.305,1,0,0,0,0,0,0,0,0
limpid-josh,M3@bmm,8040,1280,32648,1,32648,2236,NULL,19832809,19832809,19832809,19832806,LIMIT,BUY,1,590,2021-05-20T07:19:35.448,2021-05-20T07:19:35.466,19:35.4,07:19:35,1,750,590,-160,137.752,1,0,0,1,0,0,0,0,0
limpid-josh,M7@bmm,8044,1280,32648,1,32648,2236,NULL,19832810,19832810,19832810,19832811,LIMIT,SELL,1,585,2021-05-20T07:19:38.701,2021-05-20T07:19:38.721,19:38.7,07:19:38,0,750,0,#N/A,141.005,-1,0,0,0,0,0,0,0,0
limpid-josh,M1@bmm,8038,1280,32648,1,32648,2236,NULL,19832811,19832803,19832803,19832810,LIMIT,BUY,1,585,2021-05-20T07:19:38.709,2021-05-20T07:19:38.724,19:38.7,07:19:38,1,750,585,-165,141.013,1,1,0,0,0,0,0,0,0
limpid-josh,M1@bmm,8038,1280,32648,1,32648,2236,NULL,19832812,19832803,19832803,19832818,LIMIT,BUY,1,585,2021-05-20T07:19:24.647,2021-05-20T07:19:55.589,19:24.6,07:19:24,0,750,0,#N/A,126.951,1,0,0,0,0,0,0,0,0
limpid-josh,M4@bmm,8041,1280,32648,1,32648,2236,NULL,19832813,19832776,19832813,19832776,CANCEL,BUY,1,550,2021-05-20T07:19:42.397,2021-05-20T07:19:42.407,19:42.4,07:19:42,0,750,0,#N/A,144.701,1,0,0,0,0,0,0,0,0
limpid-josh,M4@bmm,8041,1280,32648,1,32648,2236,NULL,19832814,19832774,19832814,19832774,CANCEL,BUY,1,550,2021-05-20T07:19:42.824,2021-05-20T07:19:42.836,19:42.8,07:19:42,0,750,0,#N/A,145.128,1,0,0,0,0,0,0,0,0
limpid-josh,M8@bmm,8045,1280,32648,1,32648,2236,NULL,19832815,19832815,19832815,NULL,LIMIT,BUY,2,585,2021-05-20T07:19:46.110,2021-05-20T07:19:46.114,19:46.1,07:19:46,0,750,0,#N/A,148.414,1,0,0,0,0,0,0,0,0
limpid-josh,M3@bmm,8040,1280,32648,1,32648,2236,NULL,19832816,19832816,19832816,19832825,LIMIT,SELL,1,595,2021-05-20T07:19:46.848,2021-05-20T07:20:46.554,19:46.8,07:19:46,0,750,0,#N/A,149.152,-1,0,0,0,0,0,0,0,0
limpid-josh,M2@bmm,8039,1280,32648,1,32648,2236,NULL,19832817,19832817,19832817,0,LIMIT,SELL,1,570,2021-05-20T07:19:55.574,2021-05-20T07:19:55.588,19:55.6,07:19:55,0,750,0,#N/A,157.878,-1,0,0,0,0,0,0,0,0
limpid-josh,M2@bmm,8039,1280,32648,1,32648,2236,NULL,19832818,19832817,19832817,19832812,LIMIT,SELL,1,585,2021-05-20T07:19:55.583,2021-05-20T07:19:55.589,19:55.6,07:19:55,1,750,585,-165,157.887,-1,0,1,0,0,0,0,0,0
limpid-josh,M3@bmm,8040,1280,32648,1,32648,2236,NULL,19832819,19832819,19832819,19832837,LIMIT,SELL,1,600,2021-05-20T07:19:55.608,2021-05-20T07:21:11.547,19:55.6,07:19:55,0,750,0,#N/A,157.912,-1,0,0,0,0,0,0,0,0
limpid-josh,M8@bmm,8045,1280,32648,1,32648,2236,NULL,19832820,19832820,19832820,19832823,LIMIT,SELL,2,590,2021-05-20T07:20:24.933,2021-05-20T07:20:46.416,20:24.9,07:20:24,0,750,0,#N/A,187.237,-1,0,0,0,0,0,0,0,0
limpid-josh,M2@bmm,8039,1280,32648,1,32648,2236,NULL,19832821,19832821,19832821,0,LIMIT,SELL,1,580,2021-05-20T07:20:38.260,2021-05-20T07:20:38.275,20:38.3,07:20:38,0,750,0,#N/A,200.564,-1,0,0,0,0,0,0,0,0
limpid-josh,M2@bmm,8039,1280,32648,1,32648,2236,NULL,19832822,19832821,19832821,19832807,LIMIT,SELL,1,585,2021-05-20T07:20:38.270,2021-05-20T07:20:38.276,20:38.3,07:20:38,1,750,585,-165,200.574,-1,0,1,0,0,0,0,0,0
limpid-josh,M4@bmm,8041,1280,32648,1,32648,2236,NULL,19832823,19832823,19832823,19832820,LIMIT,BUY,2,590,2021-05-20T07:20:46.405,2021-05-20T07:20:46.415,20:46.4,07:20:46,1,750,590,-160,208.709,1,0,0,0,2,0,0,0,0
limpid-josh,M6@bmm,8043,1280,32648,1,32648,2236,NULL,19832824,19832824,19832824,0,LIMIT,BUY,2,600,2021-05-20T07:20:46.527,2021-05-20T07:20:46.553,20:46.5,07:20:46,0,750,0,#N/A,208.831,1,0,0,0,0,0,0,0,0
limpid-josh,M6@bmm,8043,1280,32648,1,32648,2236,NULL,19832825,19832824,19832824,19832816,LIMIT,BUY,1,595,2021-05-20T07:20:46.538,2021-05-20T07:20:46.554,20:46.5,07:20:46,1,750,595,-155,208.842,1,0,0,0,0,0,1,0,0
limpid-josh,M6@bmm,8043,1280,32648,1,32648,2236,NULL,19832826,19832824,19832824,19832775,LIMIT,BUY,1,600,2021-05-20T07:20:46.547,2021-05-20T07:20:46.555,20:46.5,07:20:46,1,750,600,-150,208.851,1,0,0,0,0,0,1,0,0
limpid-josh,M4@bmm,8041,1280,32648,1,32648,2236,NULL,19832827,19832827,19832827,0,LIMIT,BUY,2,590,2021-05-20T07:20:53.610,2021-05-20T07:21:09.168,20:53.6,07:20:53,0,750,0,#N/A,215.914,1,0,0,0,0,0,0,0,0
limpid-josh,M3@bmm,8040,1280,32648,1,32648,2236,NULL,19832828,19832828,19832828,19832829,LIMIT,SELL,1,595,2021-05-20T07:20:54.003,2021-05-20T07:20:57.472,20:54.0,07:20:54,0,750,0,#N/A,216.307,-1,0,0,0,0,0,0,0,0
limpid-josh,M1@bmm,8038,1280,32648,1,32648,2236,NULL,19832829,19832829,19832829,19832828,LIMIT,BUY,1,595,2021-05-20T07:20:57.460,2021-05-20T07:20:57.471,20:57.5,07:20:57,1,750,595,-155,219.764,1,1,0,0,0,0,0,0,0
limpid-josh,M1@bmm,8038,1280,32648,1,32648,2236,NULL,19832830,19832741,19832830,19832741,CANCEL,SELL,2,655,2021-05-20T07:21:03.600,2021-05-20T07:21:03.611,21:03.6,07:21:03,0,750,0,#N/A,225.904,-1,0,0,0,0,0,0,0,0
limpid-josh,M7@bmm,8044,1280,32648,1,32648,2236,NULL,19832831,19832831,19832831,19832832,LIMIT,SELL,1,590,2021-05-20T07:21:09.145,2021-05-20T07:21:09.167,21:09.1,07:21:09,0,750,0,#N/A,231.449,-1,0,0,0,0,0,0,0,0
limpid-josh,M4@bmm,8041,1280,32648,1,32648,2236,NULL,19832832,19832827,19832827,19832831,LIMIT,BUY,1,590,2021-05-20T07:21:09.156,2021-05-20T07:21:09.168,21:09.2,07:21:09,1,750,590,-160,231.46,1,0,0,0,1,0,0,0,0
limpid-josh,M4@bmm,8041,1280,32648,1,32648,2236,NULL,19832833,19832827,19832827,19832835,LIMIT,BUY,1,590,2021-05-20T07:20:53.610,2021-05-20T07:21:10.824,20:53.6,07:20:53,0,750,0,#N/A,215.914,1,0,0,0,0,0,0,0,0
limpid-josh,M2@bmm,8039,1280,32648,1,32648,2236,NULL,19832834,19832834,19832834,0,LIMIT,SELL,1,585,2021-05-20T07:21:10.805,2021-05-20T07:21:10.824,21:10.8,07:21:10,0,750,0,#N/A,233.109,-1,0,0,0,0,0,0,0,0
limpid-josh,M2@bmm,8039,1280,32648,1,32648,2236,NULL,19832835,19832834,19832834,19832833,LIMIT,SELL,1,590,2021-05-20T07:21:10.815,2021-05-20T07:21:10.824,21:10.8,07:21:10,1,750,590,-160,233.119,-1,0,1,0,0,0,0,0,0
limpid-josh,M6@bmm,8043,1280,32648,1,32648,2236,NULL,19832836,19832836,19832836,0,LIMIT,BUY,2,650,2021-05-20T07:21:11.509,2021-05-20T07:21:11.546,21:11.5,07:21:11,0,750,0,#N/A,233.813,1,0,0,0,0,0,0,0,0
limpid-josh,M6@bmm,8043,1280,32648,1,32648,2236,NULL,19832837,19832836,19832836,19832819,LIMIT,BUY,1,600,2021-05-20T07:21:11.522,2021-05-20T07:21:11.548,21:11.5,07:21:11,1,750,600,-150,233.826,1,0,0,0,0,0,1,0,0
limpid-josh,M6@bmm,8043,1280,32648,1,32648,2236,NULL,19832838,19832836,19832836,19832802,LIMIT,BUY,1,605,2021-05-20T07:21:11.530,2021-05-20T07:21:11.548,21:11.5,07:21:11,1,750,605,-145,233.834,1,0,0,0,0,0,1,0,0
limpid-josh,M1@bmm,8038,1280,32648,1,32648,2236,NULL,19832839,19832839,19832839,NULL,LIMIT,SELL,1,610,2021-05-20T07:21:12.803,2021-05-20T07:21:12.808,21:12.8,07:21:12,0,750,0,#N/A,235.107,-1,0,0,0,0,0,0,0,0
limpid-josh,M1@bmm,8038,1280,32648,1,32648,2236,NULL,19832840,19832840,19832840,NULL,LIMIT,SELL,2,610,2021-05-20T07:21:15.082,2021-05-20T07:21:15.086,21:15.1,07:21:15,0,750,0,#N/A,237.386,-1,0,0,0,0,0,0,0,0
limpid-josh,M4@bmm,8041,1280,32648,1,32648,2236,NULL,19832841,19832841,19832841,19832846,LIMIT,BUY,2,585,2021-05-20T07:21:15.600,2021-05-20T07:21:21.050,21:15.6,07:21:15,0,750,0,#N/A,237.904,1,0,0,0,0,0,0,0,0
limpid-josh,M1@bmm,8038,1280,32648,1,32648,2236,NULL,19832842,19832842,19832842,NULL,LIMIT,SELL,2,610,2021-05-20T07:21:16.475,2021-05-20T07:21:16.479,21:16.5,07:21:16,0,750,0,#N/A,238.779,-1,0,0,0,0,0,0,0,0
limpid-josh,M3@bmm,8040,1280,32648,1,32648,2236,NULL,19832843,19832843,19832843,19832855,LIMIT,BUY,1,590,2021-05-20T07:21:19.244,2021-05-20T07:21:56.690,21:19.2,07:21:19,0,750,0,#N/A,241.548,1,0,0,0,0,0,0,0,0
limpid-josh,M1@bmm,8038,1280,32648,1,32648,2236,NULL,19832844,19832844,19832844,NULL,LIMIT,SELL,2,605,2021-05-20T07:21:19.603,2021-05-20T07:21:19.606,21:19.6,07:21:19,0,750,0,#N/A,241.907,-1,0,0,0,0,0,0,0,0
limpid-josh,M5@bmm,8042,1280,32648,1,32648,2236,NULL,19832845,19832845,19832845,19832861,LIMIT,SELL,1,600,2021-05-20T07:21:19.942,2021-05-20T07:22:07.860,21:19.9,07:21:19,0,750,0,#N/A,242.246,-1,0,0,0,0,0,0,0,0
limpid-josh,M4@bmm,8041,1280,32648,1,32648,2236,NULL,19832846,19832841,19832846,19832841,CANCEL,BUY,2,585,2021-05-20T07:21:21.032,2021-05-20T07:21:21.049,21:21.0,07:21:21,0,750,0,#N/A,243.336,1,0,0,0,0,0,0,0,0
limpid-josh,M4@bmm,8041,1280,32648,1,32648,2236,NULL,19832847,19832847,19832847,0,LIMIT,BUY,2,590,2021-05-20T07:21:24.621,2021-05-20T07:21:56.691,21:24.6,07:21:24,0,750,0,#N/A,246.925,1,0,0,0,0,0,0,0,0
limpid-josh,M3@bmm,8040,1280,32648,1,32648,2236,NULL,19832848,19832848,19832848,19832860,LIMIT,SELL,1,595,2021-05-20T07:21:25.762,2021-05-20T07:22:07.860,21:25.8,07:21:25,0,750,0,#N/A,248.066,-1,0,0,0,0,0,0,0,0
limpid-josh,M3@bmm,8040,1280,32648,1,32648,2236,NULL,19832849,19832745,19832849,19832745,CANCEL,SELL,1,650,2021-05-20T07:21:31.789,2021-05-20T07:21:31.799,21:31.8,07:21:31,0,750,0,#N/A,254.093,-1,0,0,0,0,0,0,0,0
limpid-josh,M8@bmm,8045,1280,32648,1,32648,2236,NULL,19832850,19832850,19832850,19832852,LIMIT,SELL,2,595,2021-05-20T07:21:38.177,2021-05-20T07:21:52.055,21:38.2,07:21:38,0,750,0,#N/A,260.481,-1,0,0,0,0,0,0,0,0
limpid-josh,M7@bmm,8044,1280,32648,1,32648,2236,NULL,19832851,19832755,19832851,19832755,CANCEL,BUY,1,510,2021-05-20T07:21:42.419,2021-05-20T07:21:42.428,21:42.4,07:21:42,0,750,0,#N/A,264.723,1,0,0,0,0,0,0,0,0
limpid-josh,M8@bmm,8045,1280,32648,1,32648,2236,NULL,19832852,19832850,19832852,19832850,CANCEL,SELL,2,595,2021-05-20T07:21:52.045,2021-05-20T07:21:52.054,21:52.0,07:21:52,0,750,0,#N/A,274.349,-1,0,0,0,0,0,0,0,0
limpid-josh,M4@bmm,8041,1280,32648,1,32648,2236,NULL,19832853,19832808,19832853,19832808,CANCEL,BUY,1,585,2021-05-20T07:21:56.520,2021-05-20T07:21:56.529,21:56.5,07:21:56,0,750,0,#N/A,278.824,1,0,0,0,0,0,0,0,0
limpid-josh,M5@bmm,8042,1280,32648,1,32648,2236,NULL,19832854,19832854,19832854,0,LIMIT,SELL,2,590,2021-05-20T07:21:56.662,2021-05-20T07:21:56.689,21:56.7,07:21:56,0,750,0,#N/A,278.966,-1,0,0,0,0,0,0,0,0
limpid-josh,M5@bmm,8042,1280,32648,1,32648,2236,NULL,19832855,19832854,19832854,19832843,LIMIT,SELL,1,590,2021-05-20T07:21:56.671,2021-05-20T07:21:56.690,21:56.7,07:21:56,1,750,590,-160,278.975,-1,0,0,0,0,1,0,0,0
limpid-josh,M5@bmm,8042,1280,32648,1,32648,2236,NULL,19832856,19832854,19832854,19832857,LIMIT,SELL,1,590,2021-05-20T07:21:56.676,2021-05-20T07:21:56.691,21:56.7,07:21:56,0,750,0,#N/A,278.98,-1,0,0,0,0,0,0,0,0
limpid-josh,M4@bmm,8041,1280,32648,1,32648,2236,NULL,19832857,19832847,19832847,19832856,LIMIT,BUY,1,590,2021-05-20T07:21:56.680,2021-05-20T07:21:56.691,21:56.7,07:21:56,1,750,590,-160,278.984,1,0,0,0,1,0,0,0,0
limpid-josh,M4@bmm,8041,1280,32648,1,32648,2236,NULL,19832858,19832847,19832847,NULL,LIMIT,BUY,1,590,2021-05-20T07:21:24.621,2021-05-20T07:21:56.692,21:24.6,07:21:24,0,750,0,#N/A,246.925,1,0,0,0,0,0,0,0,0
limpid-josh,M6@bmm,8043,1280,32648,1,32648,2236,NULL,19832859,19832859,19832859,0,LIMIT,BUY,2,650,2021-05-20T07:22:07.830,2021-05-20T07:22:07.859,22:07.8,07:22:07,0,750,0,#N/A,290.134,1,0,0,0,0,0,0,0,0
limpid-josh,M6@bmm,8043,1280,32648,1,32648,2236,NULL,19832860,19832859,19832859,19832848,LIMIT,BUY,1,595,2021-05-20T07:22:07.846,2021-05-20T07:22:07.860,22:07.8,07:22:07,1,750,595,-155,290.15,1,0,0,0,0,0,1,0,0
limpid-josh,M6@bmm,8043,1280,32648,1,32648,2236,NULL,19832861,19832859,19832859,19832845,LIMIT,BUY,1,600,2021-05-20T07:22:07.852,2021-05-20T07:22:07.861,22:07.9,07:22:07,1,750,600,-150,290.156,1,0,0,0,0,0,1,0,0
limpid-josh,M1@bmm,8038,1280,32649,2,32649,2236,NULL,19832862,19832862,19832862,19832970,LIMIT,BUY,1,525,2021-05-20T07:22:39.940,2021-05-20T07:27:28.415,22:39.9,07:22:39,0,700,0,#N/A,322.244,1,0,0,0,0,0,0,0,0
limpid-josh,M1@bmm,8038,1280,32649,2,32649,2236,NULL,19832863,19832863,19832863,19832969,LIMIT,BUY,2,530,2021-05-20T07:22:42.536,2021-05-20T07:27:27.262,22:42.5,07:22:42,0,700,0,#N/A,324.84,1,0,0,0,0,0,0,0,0
limpid-josh,M2@bmm,8039,1280,32649,2,32649,2236,NULL,19832864,19832864,19832864,NULL,LIMIT,BUY,1,545,2021-05-20T07:22:44.692,2021-05-20T07:22:44.696,22:44.7,07:22:44,0,700,0,#N/A,326.996,1,0,0,0,0,0,0,0,0
limpid-josh,M1@bmm,8038,1280,32649,2,32649,2236,NULL,19832865,19832865,19832865,19832967,LIMIT,BUY,2,555,2021-05-20T07:22:46.662,2021-05-20T07:27:25.917,22:46.7,07:22:46,0,700,0,#N/A,328.966,1,0,0,0,0,0,0,0,0
limpid-josh,M1@bmm,8038,1280,32649,2,32649,2236,NULL,19832866,19832866,19832866,19832968,LIMIT,BUY,2,565,2021-05-20T07:22:48.668,2021-05-20T07:27:26.617,22:48.7,07:22:48,0,700,0,#N/A,330.972,1,0,0,0,0,0,0,0,0
limpid-josh,M1@bmm,8038,1280,32649,2,32649,2236,NULL,19832867,19832867,19832867,0,LIMIT,BUY,2,580,2021-05-20T07:22:51.517,2021-05-20T07:22:57.535,22:51.5,07:22:51,0,700,0,#N/A,333.821,1,0,0,0,0,0,0,0,0
limpid-josh,M5@bmm,8042,1280,32649,2,32649,2236,NULL,19832868,19832868,19832868,19832940,LIMIT,SELL,1,600,2021-05-20T07:22:53.171,2021-05-20T07:26:15.435,22:53.2,07:22:53,0,700,0,#N/A,335.475,-1,0,0,0,0,0,0,0,0
limpid-josh,M7@bmm,8044,1280,32649,2,32649,2236,NULL,19832869,19832869,19832869,19832949,LIMIT,BUY,1,575,2021-05-20T07:22:56.237,2021-05-20T07:26:16.957,22:56.2,07:22:56,0,700,0,#N/A,338.541,1,0,0,0,0,0,0,0,0
limpid-josh,M1@bmm,8038,1280,32649,2,32649,2236,NULL,19832870,19832870,19832870,19832871,LIMIT,SELL,1,580,2021-05-20T07:22:57.484,2021-05-20T07:22:57.512,22:57.5,07:22:57,0,700,0,#N/A,339.788,-1,0,0,0,0,0,0,0,0
limpid-josh,M1@bmm,8038,1280,32649,2,32649,2236,NULL,19832871,19832867,19832867,19832870,LIMIT,BUY,1,580,2021-05-20T07:22:57.493,2021-05-20T07:22:57.513,22:57.5,07:22:57,1,700,580,-120,339.797,1,1,0,0,0,0,0,0,0
limpid-josh,M1@bmm,8038,1280,32649,2,32649,2236,NULL,19832872,19832867,19832867,19832873,LIMIT,BUY,1,580,2021-05-20T07:22:51.517,2021-05-20T07:22:58.191,22:51.5,07:22:51,0,700,0,#N/A,333.821,1,0,0,0,0,0,0,0,0
limpid-josh,M1@bmm,8038,1280,32649,2,32649,2236,NULL,19832873,19832873,19832873,19832872,LIMIT,SELL,1,580,2021-05-20T07:22:58.178,2021-05-20T07:22:58.191,22:58.2,07:22:58,1,700,580,-120,340.482,-1,1,0,0,0,0,0,0,0
limpid-josh,M4@bmm,8041,1280,32649,2,32649,2236,NULL,19832874,19832874,19832874,19832881,LIMIT,BUY,1,580,2021-05-20T07:22:58.550,2021-05-20T07:23:11.646,22:58.5,07:22:58,0,700,0,#N/A,340.854,1,0,0,0,0,0,0,0,0
limpid-josh,M1@bmm,8038,1280,32649,2,32649,2236,NULL,19832875,19832875,19832875,0,LIMIT,SELL,2,600,2021-05-20T07:23:06.653,2021-05-20T07:26:15.436,23:06.7,07:23:06,0,700,0,#N/A,348.957,-1,0,0,0,0,0,0,0,0
limpid-josh,M3@bmm,8040,1280,32649,2,32649,2236,NULL,19832876,19832876,19832876,19832899,LIMIT,BUY,1,570,2021-05-20T07:23:07.411,2021-05-20T07:24:07.749,23:07.4,07:23:07,0,700,0,#N/A,349.715,1,0,0,0,0,0,0,0,0
limpid-josh,M3@bmm,8040,1280,32649,2,32649,2236,NULL,19832877,19832877,19832877,19832898,LIMIT,BUY,1,570,2021-05-20T07:23:07.621,2021-05-20T07:24:07.120,23:07.6,07:23:07,0,700,0,#N/A,349.925,1,0,0,0,0,0,0,0,0
limpid-josh,M5@bmm,8042,1280,32649,2,32649,2236,NULL,19832878,19832878,19832878,19832955,LIMIT,SELL,1,625,2021-05-20T07:23:08.815,2021-05-20T07:26:38.609,23:08.8,07:23:08,0,700,0,#N/A,351.119,-1,0,0,0,0,0,0,0,0
limpid-josh,M5@bmm,8042,1280,32649,2,32649,2236,NULL,19832879,19832879,19832879,19832954,LIMIT,SELL,1,625,2021-05-20T07:23:09.512,2021-05-20T07:26:37.316,23:09.5,07:23:09,0,700,0,#N/A,351.816,-1,0,0,0,0,0,0,0,0
limpid-josh,M1@bmm,8038,1280,32649,2,32649,2236,NULL,19832880,19832880,19832880,NULL,LIMIT,SELL,2,620,2021-05-20T07:23:09.570,2021-05-20T07:23:09.574,23:09.6,07:23:09,0,700,0,#N/A,351.874,-1,0,0,0,0,0,0,0,0
limpid-josh,M7@bmm,8044,1280,32649,2,32649,2236,NULL,19832881,19832881,19832881,19832874,LIMIT,SELL,1,580,2021-05-20T07:23:11.636,2021-05-20T07:23:11.646,23:11.6,07:23:11,1,700,580,-120,353.94,-1,0,0,0,0,0,0,1,0
limpid-josh,M1@bmm,8038,1280,32649,2,32649,2236,NULL,19832882,19832882,19832882,NULL,LIMIT,SELL,2,615,2021-05-20T07:23:11.901,2021-05-20T07:23:11.905,23:11.9,07:23:11,0,700,0,#N/A,354.205,-1,0,0,0,0,0,0,0,0
limpid-josh,M8@bmm,8045,1280,32649,2,32649,2236,NULL,19832883,19832883,19832883,19832901,LIMIT,SELL,2,595,2021-05-20T07:23:15.844,2021-05-20T07:24:27.876,23:15.8,07:23:15,0,700,0,#N/A,358.148,-1,0,0,0,0,0,0,0,0
limpid-josh,M2@bmm,8039,1280,32649,2,32649,2236,NULL,19832884,19832884,19832884,19832889,LIMIT,SELL,1,590,2021-05-20T07:23:18.371,2021-05-20T07:23:28.702,23:18.4,07:23:18,0,700,0,#N/A,360.675,-1,0,0,0,0,0,0,0,0
limpid-josh,M1@bmm,8038,1280,32649,2,32649,2236,NULL,19832885,19832885,19832885,19832966,LIMIT,BUY,2,580,2021-05-20T07:23:20.006,2021-05-20T07:27:25.140,23:20.0,07:23:20,0,700,0,#N/A,362.31,1,0,0,0,0,0,0,0,0
limpid-josh,M1@bmm,8038,1280,32649,2,32649,2236,NULL,19832886,19832886,19832886,0,LIMIT,BUY,2,585,2021-05-20T07:23:26.333,2021-05-20T07:25:11.486,23:26.3,07:23:26,0,700,0,#N/A,368.637,1,0,0,0,0,0,0,0,0
limpid-josh,M4@bmm,8041,1280,32649,2,32649,2236,NULL,19832887,19832887,19832887,NULL,LIMIT,BUY,1,585,2021-05-20T07:23:26.671,2021-05-20T07:23:26.674,23:26.7,07:23:26,0,700,0,#N/A,368.975,1,0,0,0,0,0,0,0,0
limpid-josh,M1@bmm,8038,1280,32649,2,32649,2236,NULL,19832888,19832888,19832888,0,LIMIT,BUY,2,590,2021-05-20T07:23:28.678,2021-05-20T07:23:28.701,23:28.7,07:23:28,0,700,0,#N/A,370.982,1,0,0,0,0,0,0,0,0
limpid-josh,M1@bmm,8038,1280,32649,2,32649,2236,NULL,19832889,19832888,19832888,19832884,LIMIT,BUY,1,590,2021-05-20T07:23:28.689,2021-05-20T07:23:28.702,23:28.7,07:23:28,1,700,590,-110,370.993,1,1,0,0,0,0,0,0,0
limpid-josh,M1@bmm,8038,1280,32649,2,32649,2236,NULL,19832890,19832888,19832888,19832903,LIMIT,BUY,1,590,2021-05-20T07:23:28.678,2021-05-20T07:24:31.372,23:28.7,07:23:28,0,700,0,#N/A,370.982,1,0,0,0,0,0,0,0,0
limpid-josh,M3@bmm,8040,1280,32649,2,32649,2236,NULL,19832891,19832891,19832891,19832922,LIMIT,SELL,1,595,2021-05-20T07:23:39.706,2021-05-20T07:25:18.496,23:39.7,07:23:39,0,700,0,#N/A,382.01,-1,0,0,0,0,0,0,0,0
limpid-josh,M3@bmm,8040,1280,32649,2,32649,2236,NULL,19832892,19832892,19832892,19832926,LIMIT,SELL,1,595,2021-05-20T07:23:40.264,2021-05-20T07:25:35.555,23:40.3,07:23:40,0,700,0,#N/A,382.568,-1,0,0,0,0,0,0,0,0
limpid-josh,M4@bmm,8041,1280,32649,2,32649,2236,NULL,19832893,19832893,19832893,0,LIMIT,BUY,2,590,2021-05-20T07:23:43.660,2021-05-20T07:24:31.375,23:43.7,07:23:43,0,700,0,#N/A,385.964,1,0,0,0,0,0,0,0,0
limpid-josh,M3@bmm,8040,1280,32649,2,32649,2236,NULL,19832894,19832894,19832894,19832909,LIMIT,BUY,1,590,2021-05-20T07:23:53.866,2021-05-20T07:24:38.063,23:53.9,07:23:53,0,700,0,#N/A,396.17,1,0,0,0,0,0,0,0,0
limpid-josh,M3@bmm,8040,1280,32649,2,32649,2236,NULL,19832895,19832895,19832895,19832911,LIMIT,BUY,1,590,2021-05-20T07:23:54.768,2021-05-20T07:24:40.480,23:54.8,07:23:54,0,700,0,#N/A,397.072,1,0,0,0,0,0,0,0,0
limpid-josh,M4@bmm,8041,1280,32649,2,32649,2236,NULL,19832896,19832896,19832896,0,LIMIT,SELL,2,600,2021-05-20T07:23:56.841,2021-05-20T07:26:16.324,23:56.8,07:23:56,0,700,0,#N/A,399.145,-1,0,0,0,0,0,0,0,0
limpid-josh,M8@bmm,8045,1280,32649,2,32649,2236,NULL,19832897,19832897,19832897,19832900,LIMIT,BUY,2,590,2021-05-20T07:24:02.647,2021-05-20T07:24:23.286,24:02.6,07:24:02,0,700,0,#N/A,404.951,1,0,0,0,0,0,0,0,0
limpid-josh,M3@bmm,8040,1280,32649,2,32649,2236,NULL,19832898,19832877,19832898,19832877,CANCEL,BUY,1,570,2021-05-20T07:24:07.110,2021-05-20T07:24:07.119,24:07.1,07:24:07,0,700,0,#N/A,409.414,1,0,0,0,0,0,0,0,0
limpid-josh,M3@bmm,8040,1280,32649,2,32649,2236,NULL,19832899,19832876,19832899,19832876,CANCEL,BUY,1,570,2021-05-20T07:24:07.739,2021-05-20T07:24:07.748,24:07.7,07:24:07,0,700,0,#N/A,410.043,1,0,0,0,0,0,0,0,0
limpid-josh,M8@bmm,8045,1280,32649,2,32649,2236,NULL,19832900,19832897,19832900,19832897,CANCEL,BUY,2,590,2021-05-20T07:24:23.276,2021-05-20T07:24:23.285,24:23.3,07:24:23,0,700,0,#N/A,425.58,1,0,0,0,0,0,0,0,0
limpid-josh,M8@bmm,8045,1280,32649,2,32649,2236,NULL,19832901,19832883,19832901,19832883,CANCEL,SELL,2,595,2021-05-20T07:24:27.868,2021-05-20T07:24:27.876,24:27.9,07:24:27,0,700,0,#N/A,430.172,-1,0,0,0,0,0,0,0,0
limpid-josh,M8@bmm,8045,1280,32649,2,32649,2236,NULL,19832902,19832902,19832902,0,LIMIT,SELL,2,590,2021-05-20T07:24:31.334,2021-05-20T07:24:31.371,24:31.3,07:24:31,0,700,0,#N/A,433.638,-1,0,0,0,0,0,0,0,0
limpid-josh,M8@bmm,8045,1280,32649,2,32649,2236,NULL,19832903,19832902,19832902,19832890,LIMIT,SELL,1,590,2021-05-20T07:24:31.345,2021-05-20T07:24:31.373,24:31.3,07:24:31,1,700,590,-110,433.649,-1,0,0,0,0,0,0,0,1
limpid-josh,M8@bmm,8045,1280,32649,2,32649,2236,NULL,19832904,19832902,19832902,19832905,LIMIT,SELL,1,590,2021-05-20T07:24:31.352,2021-05-20T07:24:31.376,24:31.4,07:24:31,0,700,0,#N/A,433.656,-1,0,0,0,0,0,0,0,0
limpid-josh,M4@bmm,8041,1280,32649,2,32649,2236,NULL,19832905,19832893,19832893,19832904,LIMIT,BUY,1,590,2021-05-20T07:24:31.356,2021-05-20T07:24:31.376,24:31.4,07:24:31,1,700,590,-110,433.66,1,0,0,0,1,0,0,0,0
limpid-josh,M4@bmm,8041,1280,32649,2,32649,2236,NULL,19832906,19832893,19832893,19832908,LIMIT,BUY,1,590,2021-05-20T07:23:43.660,2021-05-20T07:24:38.063,23:43.7,07:23:43,0,700,0,#N/A,385.964,1,0,0,0,0,0,0,0,0
limpid-josh,M8@bmm,8045,1280,32649,2,32649,2236,NULL,19832907,19832907,19832907,0,LIMIT,SELL,2,590,2021-05-20T07:24:38.040,2021-05-20T07:24:38.062,24:38.0,07:24:38,0,700,0,#N/A,440.344,-1,0,0,0,0,0,0,0,0
limpid-josh,M8@bmm,8045,1280,32649,2,32649,2236,NULL,19832908,19832907,19832907,19832906,LIMIT,SELL,1,590,2021-05-20T07:24:38.052,2021-05-20T07:24:38.063,24:38.1,07:24:38,1,700,590,-110,440.356,-1,0,0,0,0,0,0,0,1
limpid-josh,M8@bmm,8045,1280,32649,2,32649,2236,NULL,19832909,19832907,19832907,19832894,LIMIT,SELL,1,590,2021-05-20T07:24:38.057,2021-05-20T07:24:38.064,24:38.1,07:24:38,1,700,590,-110,440.361,-1,0,0,0,0,0,0,0,1
limpid-josh,M7@bmm,8044,1280,32649,2,32649,2236,NULL,19832910,19832910,19832910,19832913,LIMIT,BUY,1,590,2021-05-20T07:24:39.766,2021-05-20T07:24:51.743,24:39.8,07:24:39,0,700,0,#N/A,442.07,1,0,0,0,0,0,0,0,0
limpid-josh,M2@bmm,8039,1280,32649,2,32649,2236,NULL,19832911,19832911,19832911,19832895,LIMIT,SELL,1,590,2021-05-20T07:24:40.467,2021-05-20T07:24:40.479,24:40.5,07:24:40,1,700,590,-110,442.771,-1,0,1,0,0,0,0,0,0
limpid-josh,M8@bmm,8045,1280,32649,2,32649,2236,NULL,19832912,19832912,19832912,NULL,LIMIT,BUY,2,585,2021-05-20T07:24:51.021,2021-05-20T07:24:51.024,24:51.0,07:24:51,0,700,0,#N/A,453.325,1,0,0,0,0,0,0,0,0
limpid-josh,M2@bmm,8039,1280,32649,2,32649,2236,NULL,19832913,19832913,19832913,19832910,LIMIT,SELL,1,590,2021-05-20T07:24:51.731,2021-05-20T07:24:51.742,24:51.7,07:24:51,1,700,590,-110,454.035,-1,0,1,0,0,0,0,0,0
limpid-josh,M4@bmm,8041,1280,32649,2,32649,2236,NULL,19832914,19832914,19832914,19832936,LIMIT,SELL,2,610,2021-05-20T07:25:00.852,2021-05-20T07:25:55.725,25:00.9,07:25:00,0,700,0,#N/A,463.156,-1,0,0,0,0,0,0,0,0
limpid-josh,M3@bmm,8040,1280,32649,2,32649,2236,NULL,19832915,19832915,19832915,19832927,LIMIT,SELL,1,595,2021-05-20T07:25:01.361,2021-05-20T07:25:35.556,25:01.4,07:25:01,0,700,0,#N/A,463.665,-1,0,0,0,0,0,0,0,0
limpid-josh,M3@bmm,8040,1280,32649,2,32649,2236,NULL,19832916,19832916,19832916,19832928,LIMIT,SELL,1,595,2021-05-20T07:25:02.944,2021-05-20T07:25:41.293,25:02.9,07:25:02,0,700,0,#N/A,465.248,-1,0,0,0,0,0,0,0,0
limpid-josh,M2@bmm,8039,1280,32649,2,32649,2236,NULL,19832917,19832917,19832917,0,LIMIT,SELL,1,580,2021-05-20T07:25:11.461,2021-05-20T07:25:11.485,25:11.5,07:25:11,0,700,0,#N/A,473.765,-1,0,0,0,0,0,0,0,0
limpid-josh,M2@bmm,8039,1280,32649,2,32649,2236,NULL,19832918,19832917,19832917,19832919,LIMIT,SELL,1,585,2021-05-20T07:25:11.469,2021-05-20T07:25:11.486,25:11.5,07:25:11,0,700,0,#N/A,473.773,-1,0,0,0,0,0,0,0,0
limpid-josh,M1@bmm,8038,1280,32649,2,32649,2236,NULL,19832919,19832886,19832886,19832918,LIMIT,BUY,1,585,2021-05-20T07:25:11.475,2021-05-20T07:25:11.487,25:11.5,07:25:11,1,700,585,-115,473.779,1,1,0,0,0,0,0,0,0
limpid-josh,M1@bmm,8038,1280,32649,2,32649,2236,NULL,19832920,19832886,19832886,19832964,LIMIT,BUY,1,585,2021-05-20T07:23:26.333,2021-05-20T07:27:23.552,23:26.3,07:23:26,0,700,0,#N/A,368.637,1,0,0,0,0,0,0,0,0
limpid-josh,M4@bmm,8041,1280,32649,2,32649,2236,NULL,19832921,19832921,19832921,19832931,LIMIT,BUY,2,585,2021-05-20T07:25:12.020,2021-05-20T07:25:45.719,25:12.0,07:25:12,0,700,0,#N/A,474.324,1,0,0,0,0,0,0,0,0
limpid-josh,M5@bmm,8042,1280,32649,2,32649,2236,NULL,19832922,19832922,19832922,19832891,LIMIT,BUY,1,595,2021-05-20T07:25:18.488,2021-05-20T07:25:18.496,25:18.5,07:25:18,1,700,595,-105,480.792,1,0,0,0,0,1,0,0,0
limpid-josh,M8@bmm,8045,1280,32649,2,32649,2236,NULL,19832923,19832923,19832923,19832932,LIMIT,SELL,2,595,2021-05-20T07:25:23.207,2021-05-20T07:25:47.093,25:23.2,07:25:23,0,700,0,#N/A,485.511,-1,0,0,0,0,0,0,0,0
limpid-josh,M3@bmm,8040,1280,32649,2,32649,2236,NULL,19832924,19832924,19832924,NULL,LIMIT,BUY,1,590,2021-05-20T07:25:35.418,2021-05-20T07:25:35.422,25:35.4,07:25:35,0,700,0,#N/A,497.722,1,0,0,0,0,0,0,0,0
limpid-josh,M6@bmm,8043,1280,32649,2,32649,2236,NULL,19832925,19832925,19832925,0,LIMIT,BUY,2,595,2021-05-20T07:25:35.532,2021-05-20T07:25:35.554,25:35.5,07:25:35,0,700,0,#N/A,497.836,1,0,0,0,0,0,0,0,0
limpid-josh,M6@bmm,8043,1280,32649,2,32649,2236,NULL,19832926,19832925,19832925,19832892,LIMIT,BUY,1,595,2021-05-20T07:25:35.541,2021-05-20T07:25:35.555,25:35.5,07:25:35,1,700,595,-105,497.845,1,0,0,0,0,0,1,0,0
limpid-josh,M6@bmm,8043,1280,32649,2,32649,2236,NULL,19832927,19832925,19832925,19832915,LIMIT,BUY,1,595,2021-05-20T07:25:35.545,2021-05-20T07:25:35.556,25:35.5,07:25:35,1,700,595,-105,497.849,1,0,0,0,0,0,1,0,0
limpid-josh,M2@bmm,8039,1280,32649,2,32649,2236,NULL,19832928,19832928,19832928,19832916,LIMIT,BUY,1,595,2021-05-20T07:25:41.285,2021-05-20T07:25:41.293,25:41.3,07:25:41,1,700,595,-105,503.589,1,0,1,0,0,0,0,0,0
limpid-josh,M4@bmm,8041,1280,32649,2,32649,2236,NULL,19832929,19832929,19832929,19832961,LIMIT,BUY,2,590,2021-05-20T07:25:41.358,2021-05-20T07:27:07.890,25:41.4,07:25:41,0,700,0,#N/A,503.662,1,0,0,0,0,0,0,0,0
limpid-josh,M3@bmm,8040,1280,32649,2,32649,2236,NULL,19832930,19832930,19832930,NULL,LIMIT,BUY,1,590,2021-05-20T07:25:43.288,2021-05-20T07:25:43.291,25:43.3,07:25:43,0,700,0,#N/A,505.592,1,0,0,0,0,0,0,0,0
limpid-josh,M4@bmm,8041,1280,32649,2,32649,2236,NULL,19832931,19832921,19832931,19832921,CANCEL,BUY,2,585,2021-05-20T07:25:45.710,2021-05-20T07:25:45.718,25:45.7,07:25:45,0,700,0,#N/A,508.014,1,0,0,0,0,0,0,0,0
limpid-josh,M6@bmm,8043,1280,32649,2,32649,2236,NULL,19832932,19832932,19832932,19832923,LIMIT,BUY,2,595,2021-05-20T07:25:47.081,2021-05-20T07:25:47.092,25:47.1,07:25:47,1,700,595,-105,509.385,1,0,0,0,0,0,2,0,0
limpid-josh,M3@bmm,8040,1280,32649,2,32649,2236,NULL,19832933,19832933,19832933,NULL,LIMIT,BUY,1,590,2021-05-20T07:25:50.986,2021-05-20T07:25:50.990,25:51.0,07:25:50,0,700,0,#N/A,513.29,1,0,0,0,0,0,0,0,0
limpid-josh,M3@bmm,8040,1280,32649,2,32649,2236,NULL,19832934,19832934,19832934,NULL,LIMIT,BUY,1,590,2021-05-20T07:25:51.633,2021-05-20T07:25:51.637,25:51.6,07:25:51,0,700,0,#N/A,513.937,1,0,0,0,0,0,0,0,0
limpid-josh,M3@bmm,8040,1280,32649,2,32649,2236,NULL,19832935,19832935,19832935,19832937,LIMIT,BUY,1,590,2021-05-20T07:25:52.848,2021-05-20T07:26:00.703,25:52.8,07:25:52,0,700,0,#N/A,515.152,1,0,0,0,0,0,0,0,0
limpid-josh,M4@bmm,8041,1280,32649,2,32649,2236,NULL,19832936,19832914,19832936,19832914,CANCEL,SELL,2,610,2021-05-20T07:25:55.717,2021-05-20T07:25:55.725,25:55.7,07:25:55,0,700,0,#N/A,518.021,-1,0,0,0,0,0,0,0,0
limpid-josh,M3@bmm,8040,1280,32649,2,32649,2236,NULL,19832937,19832935,19832937,19832935,CANCEL,BUY,1,590,2021-05-20T07:26:00.695,2021-05-20T07:26:00.703,26:00.7,07:26:00,0,700,0,#N/A,522.999,1,0,0,0,0,0,0,0,0
limpid-josh,M7@bmm,8044,1280,32649,2,32649,2236,NULL,19832938,19832938,19832938,NULL,LIMIT,BUY,1,595,2021-05-20T07:26:14.792,2021-05-20T07:26:14.796,26:14.8,07:26:14,0,700,0,#N/A,537.096,1,0,0,0,0,0,0,0,0
limpid-josh,M6@bmm,8043,1280,32649,2,32649,2236,NULL,19832939,19832939,19832939,0,LIMIT,BUY,2,600,2021-05-20T07:26:15.407,2021-05-20T07:26:15.435,26:15.4,07:26:15,0,700,0,#N/A,537.711,1,0,0,0,0,0,0,0,0
limpid-josh,M6@bmm,8043,1280,32649,2,32649,2236,NULL,19832940,19832939,19832939,19832868,LIMIT,BUY,1,600,2021-05-20T07:26:15.418,2021-05-20T07:26:15.436,26:15.4,07:26:15,1,700,600,-100,537.722,1,0,0,0,0,0,1,0,0
limpid-josh,M6@bmm,8043,1280,32649,2,32649,2236,NULL,19832941,19832939,19832939,19832942,LIMIT,BUY,1,600,2021-05-20T07:26:15.424,2021-05-20T07:26:15.437,26:15.4,07:26:15,0,700,0,#N/A,537.728,1,0,0,0,0,0,0,0,0
limpid-josh,M1@bmm,8038,1280,32649,2,32649,2236,NULL,19832942,19832875,19832875,19832941,LIMIT,SELL,1,600,2021-05-20T07:26:15.427,2021-05-20T07:26:15.437,26:15.4,07:26:15,1,700,600,-100,537.731,-1,1,0,0,0,0,0,0,0
limpid-josh,M1@bmm,8038,1280,32649,2,32649,2236,NULL,19832943,19832875,19832875,19832945,LIMIT,SELL,1,600,2021-05-20T07:23:06.653,2021-05-20T07:26:16.323,23:06.7,07:23:06,0,700,0,#N/A,348.957,-1,0,0,0,0,0,0,0,0
limpid-josh,M6@bmm,8043,1280,32649,2,32649,2236,NULL,19832944,19832944,19832944,0,LIMIT,BUY,2,600,2021-05-20T07:26:16.294,2021-05-20T07:26:16.322,26:16.3,07:26:16,0,700,0,#N/A,538.598,1,0,0,0,0,0,0,0,0
limpid-josh,M6@bmm,8043,1280,32649,2,32649,2236,NULL,19832945,19832944,19832944,19832943,LIMIT,BUY,1,600,2021-05-20T07:26:16.303,2021-05-20T07:26:16.324,26:16.3,07:26:16,1,700,600,-100,538.607,1,0,0,0,0,0,1,0,0
limpid-josh,M6@bmm,8043,1280,32649,2,32649,2236,NULL,19832946,19832944,19832944,19832947,LIMIT,BUY,1,600,2021-05-20T07:26:16.309,2021-05-20T07:26:16.325,26:16.3,07:26:16,0,700,0,#N/A,538.613,1,0,0,0,0,0,0,0,0
limpid-josh,M4@bmm,8041,1280,32649,2,32649,2236,NULL,19832947,19832896,19832896,19832946,LIMIT,SELL,1,600,2021-05-20T07:26:16.313,2021-05-20T07:26:16.325,26:16.3,07:26:16,1,700,600,-100,538.617,-1,0,0,0,1,0,0,0,0
limpid-josh,M4@bmm,8041,1280,32649,2,32649,2236,NULL,19832948,19832896,19832896,19832950,LIMIT,SELL,1,600,2021-05-20T07:23:56.841,2021-05-20T07:26:23.200,23:56.8,07:23:56,0,700,0,#N/A,399.145,-1,0,0,0,0,0,0,0,0
limpid-josh,M7@bmm,8044,1280,32649,2,32649,2236,NULL,19832949,19832869,19832949,19832869,CANCEL,BUY,1,575,2021-05-20T07:26:16.948,2021-05-20T07:26:16.956,26:16.9,07:26:16,0,700,0,#N/A,539.252,1,0,0,0,0,0,0,0,0
limpid-josh,M6@bmm,8043,1280,32649,2,32649,2236,NULL,19832950,19832950,19832950,19832948,LIMIT,BUY,1,600,2021-05-20T07:26:23.192,2021-05-20T07:26:23.199,26:23.2,07:26:23,1,700,600,-100,545.496,1,0,0,0,0,0,1,0,0
limpid-josh,M2@bmm,8039,1280,32649,2,32649,2236,NULL,19832951,19832951,19832951,19832952,LIMIT,BUY,1,600,2021-05-20T07:26:25.929,2021-05-20T07:26:28.590,26:25.9,07:26:25,0,700,0,#N/A,548.233,1,0,0,0,0,0,0,0,0
limpid-josh,M3@bmm,8040,1280,32649,2,32649,2236,NULL,19832952,19832952,19832952,19832951,LIMIT,SELL,1,600,2021-05-20T07:26:28.578,2021-05-20T07:26:28.590,26:28.6,07:26:28,1,700,600,-100,550.882,-1,0,0,1,0,0,0,0,0
limpid-josh,M1@bmm,8038,1280,32649,2,32649,2236,NULL,19832953,19832953,19832953,19832957,LIMIT,SELL,2,600,2021-05-20T07:26:34.286,2021-05-20T07:26:47.978,26:34.3,07:26:34,0,700,0,#N/A,556.59,-1,0,0,0,0,0,0,0,0
limpid-josh,M5@bmm,8042,1280,32649,2,32649,2236,NULL,19832954,19832879,19832954,19832879,CANCEL,SELL,1,625,2021-05-20T07:26:37.308,2021-05-20T07:26:37.315,26:37.3,07:26:37,0,700,0,#N/A,559.612,-1,0,0,0,0,0,0,0,0
limpid-josh,M5@bmm,8042,1280,32649,2,32649,2236,NULL,19832955,19832878,19832955,19832878,CANCEL,SELL,1,625,2021-05-20T07:26:38.597,2021-05-20T07:26:38.607,26:38.6,07:26:38,0,700,0,#N/A,560.901,-1,0,0,0,0,0,0,0,0
limpid-josh,M3@bmm,8040,1280,32649,2,32649,2236,NULL,19832956,19832956,19832956,NULL,LIMIT,BUY,1,595,2021-05-20T07:26:45.515,2021-05-20T07:26:45.519,26:45.5,07:26:45,0,700,0,#N/A,567.819,1,0,0,0,0,0,0,0,0
limpid-josh,M6@bmm,8043,1280,32649,2,32649,2236,NULL,19832957,19832957,19832957,19832953,LIMIT,BUY,2,600,2021-05-20T07:26:47.966,2021-05-20T07:26:47.977,26:48.0,07:26:47,1,700,600,-100,570.27,1,0,0,0,0,0,2,0,0
limpid-josh,M1@bmm,8038,1280,32649,2,32649,2236,NULL,19832958,19832958,19832958,19832959,LIMIT,SELL,2,600,2021-05-20T07:26:52.148,2021-05-20T07:27:03.535,26:52.1,07:26:52,0,700,0,#N/A,574.452,-1,0,0,0,0,0,0,0,0
limpid-josh,M1@bmm,8038,1280,32649,2,32649,2236,NULL,19832959,19832958,19832959,19832958,CANCEL,SELL,2,600,2021-05-20T07:27:03.526,2021-05-20T07:27:03.534,27:03.5,07:27:03,0,700,0,#N/A,585.83,-1,0,0,0,0,0,0,0,0
limpid-josh,M1@bmm,8038,1280,32649,2,32649,2236,NULL,19832960,19832960,19832960,NULL,LIMIT,SELL,2,605,2021-05-20T07:27:07.036,2021-05-20T07:27:07.040,27:07.0,07:27:07,0,700,0,#N/A,589.34,-1,0,0,0,0,0,0,0,0
limpid-josh,M4@bmm,8041,1280,32649,2,32649,2236,NULL,19832961,19832929,19832961,19832929,CANCEL,BUY,2,590,2021-05-20T07:27:07.880,2021-05-20T07:27:07.888,27:07.9,07:27:07,0,700,0,#N/A,590.184,1,0,0,0,0,0,0,0,0
limpid-josh,M1@bmm,8038,1280,32649,2,32649,2236,NULL,19832962,19832962,19832962,NULL,LIMIT,SELL,2,610,2021-05-20T07:27:14.636,2021-05-20T07:27:14.639,27:14.6,07:27:14,0,700,0,#N/A,596.94,-1,0,0,0,0,0,0,0,0
limpid-josh,M6@bmm,8043,1280,32649,2,32649,2236,NULL,19832963,19832963,19832963,NULL,LIMIT,BUY,2,595,2021-05-20T07:27:15.435,2021-05-20T07:27:15.439,27:15.4,07:27:15,0,700,0,#N/A,597.739,1,0,0,0,0,0,0,0,0
limpid-josh,M1@bmm,8038,1280,32649,2,32649,2236,NULL,19832964,19832886,19832964,19832920,CANCEL,BUY,1,585,2021-05-20T07:27:23.542,2021-05-20T07:27:23.552,27:23.5,07:27:23,0,700,0,#N/A,605.846,1,0,0,0,0,0,0,0,0
limpid-josh,M4@bmm,8041,1280,32649,2,32649,2236,NULL,19832965,19832965,19832965,19832971,LIMIT,BUY,1,600,2021-05-20T07:27:24.143,2021-05-20T07:27:29.022,27:24.1,07:27:24,0,700,0,#N/A,606.447,1,0,0,0,0,0,0,0,0
limpid-josh,M1@bmm,8038,1280,32649,2,32649,2236,NULL,19832966,19832885,19832966,19832885,CANCEL,BUY,2,580,2021-05-20T07:27:25.130,2021-05-20T07:27:25.139,27:25.1,07:27:25,0,700,0,#N/A,607.434,1,0,0,0,0,0,0,0,0
limpid-josh,M1@bmm,8038,1280,32649,2,32649,2236,NULL,19832967,19832865,19832967,19832865,CANCEL,BUY,2,555,2021-05-20T07:27:25.909,2021-05-20T07:27:25.917,27:25.9,07:27:25,0,700,0,#N/A,608.213,1,0,0,0,0,0,0,0,0
limpid-josh,M1@bmm,8038,1280,32649,2,32649,2236,NULL,19832968,19832866,19832968,19832866,CANCEL,BUY,2,565,2021-05-20T07:27:26.608,2021-05-20T07:27:26.617,27:26.6,07:27:26,0,700,0,#N/A,608.912,1,0,0,0,0,0,0,0,0
limpid-josh,M1@bmm,8038,1280,32649,2,32649,2236,NULL,19832969,19832863,19832969,19832863,CANCEL,BUY,2,530,2021-05-20T07:27:27.254,2021-05-20T07:27:27.261,27:27.3,07:27:27,0,700,0,#N/A,609.558,1,0,0,0,0,0,0,0,0
limpid-josh,M1@bmm,8038,1280,32649,2,32649,2236,NULL,19832970,19832862,19832970,19832862,CANCEL,BUY,1,525,2021-05-20T07:27:28.407,2021-05-20T07:27:28.414,27:28.4,07:27:28,0,700,0,#N/A,610.711,1,0,0,0,0,0,0,0,0
limpid-josh,M7@bmm,8044,1280,32649,2,32649,2236,NULL,19832971,19832971,19832971,19832965,LIMIT,SELL,1,600,2021-05-20T07:27:29.013,2021-05-20T07:27:29.022,27:29.0,07:27:29,1,700,600,-100,611.317,-1,0,0,0,0,0,0,1,0
limpid-josh,M2@bmm,8039,1280,32650,3,32650,2236,NULL,19832972,19832972,19832972,NULL,LIMIT,BUY,1,500,2021-05-20T07:28:08.078,2021-05-20T07:28:08.081,28:08.1,07:28:08,0,650,0,#N/A,650.382,1,0,0,0,0,0,0,0,0
limpid-josh,M1@bmm,8038,1280,32650,3,32650,2236,NULL,19832973,19832973,19832973,NULL,LIMIT,BUY,1,475,2021-05-20T07:28:12.318,2021-05-20T07:28:12.321,28:12.3,07:28:12,0,650,0,#N/A,654.622,1,0,0,0,0,0,0,0,0
limpid-josh,M5@bmm,8042,1280,32650,3,32650,2236,NULL,19832974,19832974,19832974,NULL,LIMIT,SELL,1,600,2021-05-20T07:28:13.012,2021-05-20T07:28:13.016,28:13.0,07:28:13,0,650,0,#N/A,655.316,-1,0,0,0,0,0,0,0,0
limpid-josh,M3@bmm,8040,1280,32650,3,32650,2236,NULL,19832975,19832975,19832975,19833000,LIMIT,BUY,1,555,2021-05-20T07:28:18.439,2021-05-20T07:28:53.398,28:18.4,07:28:18,0,650,0,#N/A,660.743,1,0,0,0,0,0,0,0,0
limpid-josh,M7@bmm,8044,1280,32650,3,32650,2236,NULL,19832976,19832976,19832976,19833028,LIMIT,BUY,1,515,2021-05-20T07:28:18.571,2021-05-20T07:29:27.618,28:18.6,07:28:18,0,650,0,#N/A,660.875,1,0,0,0,0,0,0,0,0
limpid-josh,M3@bmm,8040,1280,32650,3,32650,2236,NULL,19832977,19832977,19832977,19833020,LIMIT,BUY,1,560,2021-05-20T07:28:25.059,2021-05-20T07:29:09.386,28:25.1,07:28:25,0,650,0,#N/A,667.363,1,0,0,0,0,0,0,0,0
limpid-josh,M4@bmm,8041,1280,32650,3,32650,2236,NULL,19832978,19832978,19832978,19833017,LIMIT,BUY,1,560,2021-05-20T07:28:25.827,2021-05-20T07:29:08.182,28:25.8,07:28:25,0,650,0,#N/A,668.131,1,0,0,0,0,0,0,0,0
limpid-josh,M3@bmm,8040,1280,32650,3,32650,2236,NULL,19832979,19832979,19832979,19833018,LIMIT,BUY,1,560,2021-05-20T07:28:25.854,2021-05-20T07:29:08.450,28:25.9,07:28:25,0,650,0,#N/A,668.158,1,0,0,0,0,0,0,0,0
limpid-josh,M3@bmm,8040,1280,32650,3,32650,2236,NULL,19832980,19832980,19832980,19833012,LIMIT,BUY,1,560,2021-05-20T07:28:27.089,2021-05-20T07:29:07.256,28:27.1,07:28:27,0,650,0,#N/A,669.393,1,0,0,0,0,0,0,0,0
limpid-josh,M3@bmm,8040,1280,32650,3,32650,2236,NULL,19832981,19832981,19832981,19833010,LIMIT,BUY,1,560,2021-05-20T07:28:29.868,2021-05-20T07:29:06.669,28:29.9,07:28:29,0,650,0,#N/A,672.172,1,0,0,0,0,0,0,0,0
limpid-josh,M4@bmm,8041,1280,32650,3,32650,2236,NULL,19832982,19832982,19832982,19833019,LIMIT,BUY,1,570,2021-05-20T07:28:30.091,2021-05-20T07:29:09.363,28:30.1,07:28:30,0,650,0,#N/A,672.395,1,0,0,0,0,0,0,0,0
limpid-josh,M4@bmm,8041,1280,32650,3,32650,2236,NULL,19832983,19832983,19832983,19832985,LIMIT,BUY,1,575,2021-05-20T07:28:31.533,2021-05-20T07:28:35.426,28:31.5,07:28:31,0,650,0,#N/A,673.837,1,0,0,0,0,0,0,0,0
limpid-josh,M2@bmm,8039,1280,32650,3,32650,2236,NULL,19832984,19832984,19832984,0,LIMIT,SELL,1,560,2021-05-20T07:28:35.413,2021-05-20T07:28:35.426,28:35.4,07:28:35,0,650,0,#N/A,677.717,-1,0,0,0,0,0,0,0,0
limpid-josh,M2@bmm,8039,1280,32650,3,32650,2236,NULL,19832985,19832984,19832984,19832983,LIMIT,SELL,1,575,2021-05-20T07:28:35.421,2021-05-20T07:28:35.427,28:35.4,07:28:35,1,650,575,-75,677.725,-1,0,1,0,0,0,0,0,0
limpid-josh,M6@bmm,8043,1280,32650,3,32650,2236,NULL,19832986,19832986,19832986,0,LIMIT,BUY,2,580,2021-05-20T07:28:37.005,2021-05-20T07:28:48.424,28:37.0,07:28:37,0,650,0,#N/A,679.309,1,0,0,0,0,0,0,0,0
limpid-josh,M1@bmm,8038,1280,32650,3,32650,2236,NULL,19832987,19832987,19832987,NULL,LIMIT,BUY,2,560,2021-05-20T07:28:38.035,2021-05-20T07:28:38.039,28:38.0,07:28:38,0,650,0,#N/A,680.339,1,0,0,0,0,0,0,0,0
limpid-josh,M3@bmm,8040,1280,32650,3,32650,2236,NULL,19832988,19832988,19832988,19833049,LIMIT,BUY,1,580,2021-05-20T07:28:38.102,2021-05-20T07:30:18.742,28:38.1,07:28:38,0,650,0,#N/A,680.406,1,0,0,0,0,0,0,0,0
limpid-josh,M1@bmm,8038,1280,32650,3,32650,2236,NULL,19832989,19832989,19832989,NULL,LIMIT,BUY,2,560,2021-05-20T07:28:38.678,2021-05-20T07:28:38.681,28:38.7,07:28:38,0,650,0,#N/A,680.982,1,0,0,0,0,0,0,0,0
limpid-josh,M3@bmm,8040,1280,32650,3,32650,2236,NULL,19832990,19832990,19832990,19833048,LIMIT,BUY,1,580,2021-05-20T07:28:39.641,2021-05-20T07:30:17.497,28:39.6,07:28:39,0,650,0,#N/A,681.945,1,0,0,0,0,0,0,0,0
limpid-josh,M1@bmm,8038,1280,32650,3,32650,2236,NULL,19832991,19832991,19832991,NULL,LIMIT,BUY,2,565,2021-05-20T07:28:42.471,2021-05-20T07:28:42.474,28:42.5,07:28:42,0,650,0,#N/A,684.775,1,0,0,0,0,0,0,0,0
limpid-josh,M5@bmm,8042,1280,32650,3,32650,2236,NULL,19832992,19832992,19832992,NULL,LIMIT,SELL,1,610,2021-05-20T07:28:42.581,2021-05-20T07:28:42.585,28:42.6,07:28:42,0,650,0,#N/A,684.885,-1,0,0,0,0,0,0,0,0
limpid-josh,M1@bmm,8038,1280,32650,3,32650,2236,NULL,19832993,19832993,19832993,NULL,LIMIT,BUY,2,565,2021-05-20T07:28:43.939,2021-05-20T07:28:43.943,28:43.9,07:28:43,0,650,0,#N/A,686.243,1,0,0,0,0,0,0,0,0
limpid-josh,M5@bmm,8042,1280,32650,3,32650,2236,NULL,19832994,19832994,19832994,NULL,LIMIT,SELL,1,620,2021-05-20T07:28:47.770,2021-05-20T07:28:47.773,28:47.8,07:28:47,0,650,0,#N/A,690.074,-1,0,0,0,0,0,0,0,0
limpid-josh,M2@bmm,8039,1280,32650,3,32650,2236,NULL,19832995,19832995,19832995,0,LIMIT,SELL,1,575,2021-05-20T07:28:48.404,2021-05-20T07:28:48.424,28:48.4,07:28:48,0,650,0,#N/A,690.708,-1,0,0,0,0,0,0,0,0
limpid-josh,M2@bmm,8039,1280,32650,3,32650,2236,NULL,19832996,19832995,19832995,19832997,LIMIT,SELL,1,580,2021-05-20T07:28:48.412,2021-05-20T07:28:48.425,28:48.4,07:28:48,0,650,0,#N/A,690.716,-1,0,0,0,0,0,0,0,0
limpid-josh,M6@bmm,8043,1280,32650,3,32650,2236,NULL,19832997,19832986,19832986,19832996,LIMIT,BUY,1,580,2021-05-20T07:28:48.415,2021-05-20T07:28:48.425,28:48.4,07:28:48,1,650,580,-70,690.719,1,0,0,0,0,0,1,0,0
limpid-josh,M6@bmm,8043,1280,32650,3,32650,2236,NULL,19832998,19832986,19832986,19833001,LIMIT,BUY,1,580,2021-05-20T07:28:37.005,2021-05-20T07:28:55.088,28:37.0,07:28:37,0,650,0,#N/A,679.309,1,0,0,0,0,0,0,0,0
limpid-josh,M1@bmm,8038,1280,32650,3,32650,2236,NULL,19832999,19832999,19832999,19833032,LIMIT,SELL,2,595,2021-05-20T07:28:52.191,2021-05-20T07:29:33.809,28:52.2,07:28:52,0,650,0,#N/A,694.495,-1,0,0,0,0,0,0,0,0
limpid-josh,M3@bmm,8040,1280,32650,3,32650,2236,NULL,19833000,19832975,19833000,19832975,CANCEL,BUY,1,555,2021-05-20T07:28:53.391,2021-05-20T07:28:53.398,28:53.4,07:28:53,0,650,0,#N/A,695.695,1,0,0,0,0,0,0,0,0
limpid-josh,M7@bmm,8044,1280,32650,3,32650,2236,NULL,19833001,19833001,19833001,19832998,LIMIT,SELL,1,580,2021-05-20T07:28:55.068,2021-05-20T07:28:55.079,28:55.1,07:28:55,1,650,580,-70,697.372,-1,0,0,0,0,0,0,1,0
limpid-josh,M1@bmm,8038,1280,32650,3,32650,2236,NULL,19833002,19833002,19833002,NULL,LIMIT,SELL,2,600,2021-05-20T07:28:57.254,2021-05-20T07:28:57.257,28:57.3,07:28:57,0,650,0,#N/A,699.558,-1,0,0,0,0,0,0,0,0
limpid-josh,M6@bmm,8043,1280,32650,3,32650,2236,NULL,19833003,19833003,19833003,19833021,LIMIT,BUY,2,580,2021-05-20T07:29:00.600,2021-05-20T07:29:10.691,29:00.6,07:29:00,0,650,0,#N/A,702.904,1,0,0,0,0,0,0,0,0
limpid-josh,M8@bmm,8045,1280,32650,3,32650,2236,NULL,19833004,19833004,19833004,0,LIMIT,BUY,2,585,2021-05-20T07:29:01.191,2021-05-20T07:29:07.508,29:01.2,07:29:01,0,650,0,#N/A,703.495,1,0,0,0,0,0,0,0,0
limpid-josh,M4@bmm,8041,1280,32650,3,32650,2236,NULL,19833005,19833005,19833005,19833045,LIMIT,BUY,2,585,2021-05-20T07:29:02.491,2021-05-20T07:30:07.778,29:02.5,07:29:02,0,650,0,#N/A,704.795,1,0,0,0,0,0,0,0,0
limpid-josh,M5@bmm,8042,1280,32650,3,32650,2236,NULL,19833006,19833006,19833006,19833026,LIMIT,SELL,1,590,2021-05-20T07:29:03.361,2021-05-20T07:29:23.659,29:03.4,07:29:03,0,650,0,#N/A,705.665,-1,0,0,0,0,0,0,0,0
limpid-josh,M3@bmm,8040,1280,32650,3,32650,2236,NULL,19833007,19833007,19833007,NULL,LIMIT,BUY,1,585,2021-05-20T07:29:03.450,2021-05-20T07:29:03.454,29:03.4,07:29:03,0,650,0,#N/A,705.754,1,0,0,0,0,0,0,0,0
limpid-josh,M3@bmm,8040,1280,32650,3,32650,2236,NULL,19833008,19833008,19833008,NULL,LIMIT,BUY,1,585,2021-05-20T07:29:03.755,2021-05-20T07:29:03.758,29:03.8,07:29:03,0,650,0,#N/A,706.059,1,0,0,0,0,0,0,0,0
limpid-josh,M1@bmm,8038,1280,32650,3,32650,2236,NULL,19833009,19833009,19833009,NULL,LIMIT,SELL,2,605,2021-05-20T07:29:04.374,2021-05-20T07:29:04.378,29:04.4,07:29:04,0,650,0,#N/A,706.678,-1,0,0,0,0,0,0,0,0
limpid-josh,M3@bmm,8040,1280,32650,3,32650,2236,NULL,19833010,19832981,19833010,19832981,CANCEL,BUY,1,560,2021-05-20T07:29:06.662,2021-05-20T07:29:06.669,29:06.7,07:29:06,0,650,0,#N/A,708.966,1,0,0,0,0,0,0,0,0
limpid-josh,M3@bmm,8040,1280,32650,3,32650,2236,NULL,19833011,19832981,19833011,19833011,CANCEL,BUY,1,560,2021-05-20T07:29:06.853,2021-05-20T07:29:06.859,29:06.9,07:29:06,0,650,0,#N/A,709.157,1,0,0,0,0,0,0,0,0
limpid-josh,M3@bmm,8040,1280,32650,3,32650,2236,NULL,19833012,19832980,19833012,19832980,CANCEL,BUY,1,560,2021-05-20T07:29:07.245,2021-05-20T07:29:07.255,29:07.2,07:29:07,0,650,0,#N/A,709.549,1,0,0,0,0,0,0,0,0
limpid-josh,M2@bmm,8039,1280,32650,3,32650,2236,NULL,19833013,19833013,19833013,0,LIMIT,SELL,1,580,2021-05-20T07:29:07.487,2021-05-20T07:29:07.507,29:07.5,07:29:07,0,650,0,#N/A,709.791,-1,0,0,0,0,0,0,0,0
limpid-josh,M2@bmm,8039,1280,32650,3,32650,2236,NULL,19833014,19833013,19833013,19833015,LIMIT,SELL,1,585,2021-05-20T07:29:07.495,2021-05-20T07:29:07.508,29:07.5,07:29:07,0,650,0,#N/A,709.799,-1,0,0,0,0,0,0,0,0
limpid-josh,M8@bmm,8045,1280,32650,3,32650,2236,NULL,19833015,19833004,19833004,19833014,LIMIT,BUY,1,585,2021-05-20T07:29:07.499,2021-05-20T07:29:07.509,29:07.5,07:29:07,1,650,585,-65,709.803,1,0,0,0,0,0,0,0,1
limpid-josh,M8@bmm,8045,1280,32650,3,32650,2236,NULL,19833016,19833004,19833004,19833024,LIMIT,BUY,1,585,2021-05-20T07:29:01.191,2021-05-20T07:29:17.616,29:01.2,07:29:01,0,650,0,#N/A,703.495,1,0,0,0,0,0,0,0,0
limpid-josh,M4@bmm,8041,1280,32650,3,32650,2236,NULL,19833017,19832978,19833017,19832978,CANCEL,BUY,1,560,2021-05-20T07:29:08.174,2021-05-20T07:29:08.182,29:08.2,07:29:08,0,650,0,#N/A,710.478,1,0,0,0,0,0,0,0,0
limpid-josh,M3@bmm,8040,1280,32650,3,32650,2236,NULL,19833018,19832979,19833018,19832979,CANCEL,BUY,1,560,2021-05-20T07:29:08.440,2021-05-20T07:29:08.450,29:08.4,07:29:08,0,650,0,#N/A,710.744,1,0,0,0,0,0,0,0,0
limpid-josh,M4@bmm,8041,1280,32650,3,32650,2236,NULL,19833019,19832982,19833019,19832982,CANCEL,BUY,1,570,2021-05-20T07:29:09.352,2021-05-20T07:29:09.362,29:09.4,07:29:09,0,650,0,#N/A,711.656,1,0,0,0,0,0,0,0,0
limpid-josh,M3@bmm,8040,1280,32650,3,32650,2236,NULL,19833020,19832977,19833020,19832977,CANCEL,BUY,1,560,2021-05-20T07:29:09.374,2021-05-20T07:29:09.385,29:09.4,07:29:09,0,650,0,#N/A,711.678,1,0,0,0,0,0,0,0,0
limpid-josh,M6@bmm,8043,1280,32650,3,32650,2236,NULL,19833021,19833003,19833021,19833003,CANCEL,BUY,2,580,2021-05-20T07:29:10.682,2021-05-20T07:29:10.691,29:10.7,07:29:10,0,650,0,#N/A,712.986,1,0,0,0,0,0,0,0,0
limpid-josh,M1@bmm,8038,1280,32650,3,32650,2236,NULL,19833022,19833022,19833022,NULL,LIMIT,SELL,2,615,2021-05-20T07:29:11.130,2021-05-20T07:29:11.133,29:11.1,07:29:11,0,650,0,#N/A,713.434,-1,0,0,0,0,0,0,0,0
limpid-josh,M6@bmm,8043,1280,32650,3,32650,2236,NULL,19833023,19833023,19833023,19833044,LIMIT,BUY,2,585,2021-05-20T07:29:13.689,2021-05-20T07:30:07.329,29:13.7,07:29:13,0,650,0,#N/A,715.993,1,0,0,0,0,0,0,0,0
limpid-josh,M7@bmm,8044,1280,32650,3,32650,2236,NULL,19833024,19833024,19833024,19833016,LIMIT,SELL,1,585,2021-05-20T07:29:17.608,2021-05-20T07:29:17.616,29:17.6,07:29:17,1,650,585,-65,719.912,-1,0,0,0,0,0,0,1,0
limpid-josh,M8@bmm,8045,1280,32650,3,32650,2236,NULL,19833025,19833025,19833025,0,LIMIT,SELL,2,595,2021-05-20T07:29:21.409,2021-05-20T07:29:38.346,29:21.4,07:29:21,0,650,0,#N/A,723.713,-1,0,0,0,0,0,0,0,0
limpid-josh,M3@bmm,8040,1280,32650,3,32650,2236,NULL,19833026,19833026,19833026,19833006,LIMIT,BUY,1,590,2021-05-20T07:29:23.650,2021-05-20T07:29:23.659,29:23.6,07:29:23,1,650,590,-60,725.954,1,0,0,1,0,0,0,0,0
limpid-josh,M4@bmm,8041,1280,32650,3,32650,2236,NULL,19833027,19833027,19833027,0,LIMIT,BUY,2,590,2021-05-20T07:29:25.322,2021-05-20T07:29:40.179,29:25.3,07:29:25,0,650,0,#N/A,727.626,1,0,0,0,0,0,0,0,0
limpid-josh,M7@bmm,8044,1280,32650,3,32650,2236,NULL,19833028,19832976,19833028,19832976,CANCEL,BUY,1,515,2021-05-20T07:29:27.611,2021-05-20T07:29:27.618,29:27.6,07:29:27,0,650,0,#N/A,729.915,1,0,0,0,0,0,0,0,0
limpid-josh,M3@bmm,8040,1280,32650,3,32650,2236,NULL,19833029,19833029,19833029,19833046,LIMIT,BUY,1,590,2021-05-20T07:29:30.503,2021-05-20T07:30:11.107,29:30.5,07:29:30,0,650,0,#N/A,732.807,1,0,0,0,0,0,0,0,0
limpid-josh,M3@bmm,8040,1280,32650,3,32650,2236,NULL,19833030,19833030,19833030,19833047,LIMIT,BUY,1,590,2021-05-20T07:29:30.777,2021-05-20T07:30:12.016,29:30.8,07:29:30,0,650,0,#N/A,733.081,1,0,0,0,0,0,0,0,0
limpid-josh,M3@bmm,8040,1280,32650,3,32650,2236,NULL,19833031,19833031,19833031,19833050,LIMIT,BUY,1,590,2021-05-20T07:29:31.082,2021-05-20T07:30:33.032,29:31.1,07:29:31,0,650,0,#N/A,733.386,1,0,0,0,0,0,0,0,0
limpid-josh,M6@bmm,8043,1280,32650,3,32650,2236,NULL,19833032,19833032,19833032,19832999,LIMIT,BUY,2,595,2021-05-20T07:29:33.793,2021-05-20T07:29:33.809,29:33.8,07:29:33,1,650,595,-55,736.097,1,0,0,0,0,0,2,0,0
limpid-josh,M1@bmm,8038,1280,32650,3,32650,2236,NULL,19833033,19833033,19833033,0,LIMIT,SELL,2,595,2021-05-20T07:29:34.660,2021-05-20T07:30:54.106,29:34.7,07:29:34,0,650,0,#N/A,736.964,-1,0,0,0,0,0,0,0,0
limpid-josh,M4@bmm,8041,1280,32650,3,32650,2236,NULL,19833034,19833034,19833034,19833035,LIMIT,BUY,1,595,2021-05-20T07:29:38.325,2021-05-20T07:29:38.346,29:38.3,07:29:38,0,650,0,#N/A,740.629,1,0,0,0,0,0,0,0,0
limpid-josh,M8@bmm,8045,1280,32650,3,32650,2236,NULL,19833035,19833025,19833025,19833034,LIMIT,SELL,1,595,2021-05-20T07:29:38.339,2021-05-20T07:29:38.346,29:38.3,07:29:38,1,650,595,-55,740.643,-1,0,0,0,0,0,0,0,1
limpid-josh,M8@bmm,8045,1280,32650,3,32650,2236,NULL,19833036,19833025,19833025,19833055,LIMIT,SELL,1,595,2021-05-20T07:29:21.409,2021-05-20T07:30:54.106,29:21.4,07:29:21,0,650,0,#N/A,723.713,-1,0,0,0,0,0,0,0,0
limpid-josh,M8@bmm,8045,1280,32650,3,32650,2236,NULL,19833037,19833037,19833037,0,LIMIT,BUY,2,590,2021-05-20T07:29:38.888,2021-05-20T07:30:57.046,29:38.9,07:29:38,0,650,0,#N/A,741.192,1,0,0,0,0,0,0,0,0
limpid-josh,M5@bmm,8042,1280,32650,3,32650,2236,NULL,19833038,19833038,19833038,0,LIMIT,SELL,1,575,2021-05-20T07:29:40.160,2021-05-20T07:29:40.179,29:40.2,07:29:40,0,650,0,#N/A,742.464,-1,0,0,0,0,0,0,0,0
limpid-josh,M5@bmm,8042,1280,32650,3,32650,2236,NULL,19833039,19833038,19833038,19833040,LIMIT,SELL,1,590,2021-05-20T07:29:40.168,2021-05-20T07:29:40.180,29:40.2,07:29:40,0,650,0,#N/A,742.472,-1,0,0,0,0,0,0,0,0
limpid-josh,M4@bmm,8041,1280,32650,3,32650,2236,NULL,19833040,19833027,19833027,19833039,LIMIT,BUY,1,590,2021-05-20T07:29:40.171,2021-05-20T07:29:40.180,29:40.2,07:29:40,1,650,590,-60,742.475,1,0,0,0,1,0,0,0,0
limpid-josh,M4@bmm,8041,1280,32650,3,32650,2236,NULL,19833041,19833027,19833027,19833042,LIMIT,BUY,1,590,2021-05-20T07:29:25.322,2021-05-20T07:30:00.471,29:25.3,07:29:25,0,650,0,#N/A,727.626,1,0,0,0,0,0,0,0,0
limpid-josh,M5@bmm,8042,1280,32650,3,32650,2236,NULL,19833042,19833042,19833042,19833041,LIMIT,SELL,1,590,2021-05-20T07:30:00.460,2021-05-20T07:30:00.471,30:00.5,07:30:00,1,650,590,-60,762.764,-1,0,0,0,0,1,0,0,0
limpid-josh,M6@bmm,8043,1280,32650,3,32650,2236,NULL,19833043,19833043,19833043,19833070,LIMIT,BUY,2,590,2021-05-20T07:30:06.104,2021-05-20T07:31:41.822,30:06.1,07:30:06,0,650,0,#N/A,768.408,1,0,0,0,0,0,0,0,0
limpid-josh,M6@bmm,8043,1280,32650,3,32650,2236,NULL,19833044,19833023,19833044,19833023,CANCEL,BUY,2,585,2021-05-20T07:30:07.320,2021-05-20T07:30:07.328,30:07.3,07:30:07,0,650,0,#N/A,769.624,1,0,0,0,0,0,0,0,0
limpid-josh,M4@bmm,8041,1280,32650,3,32650,2236,NULL,19833045,19833005,19833045,19833005,CANCEL,BUY,2,585,2021-05-20T07:30:07.768,2021-05-20T07:30:07.778,30:07.8,07:30:07,0,650,0,#N/A,770.072,1,0,0,0,0,0,0,0,0
limpid-josh,M5@bmm,8042,1280,32650,3,32650,2236,NULL,19833046,19833046,19833046,19833029,LIMIT,SELL,1,590,2021-05-20T07:30:11.097,2021-05-20T07:30:11.106,30:11.1,07:30:11,1,650,590,-60,773.401,-1,0,0,0,0,1,0,0,0
limpid-josh,M5@bmm,8042,1280,32650,3,32650,2236,NULL,19833047,19833047,19833047,19833030,LIMIT,SELL,1,590,2021-05-20T07:30:12.007,2021-05-20T07:30:12.016,30:12.0,07:30:12,1,650,590,-60,774.311,-1,0,0,0,0,1,0,0,0
limpid-josh,M3@bmm,8040,1280,32650,3,32650,2236,NULL,19833048,19832990,19833048,19832990,CANCEL,BUY,1,580,2021-05-20T07:30:17.489,2021-05-20T07:30:17.496,30:17.5,07:30:17,0,650,0,#N/A,779.793,1,0,0,0,0,0,0,0,0
limpid-josh,M3@bmm,8040,1280,32650,3,32650,2236,NULL,19833049,19832988,19833049,19832988,CANCEL,BUY,1,580,2021-05-20T07:30:18.733,2021-05-20T07:30:18.742,30:18.7,07:30:18,0,650,0,#N/A,781.037,1,0,0,0,0,0,0,0,0
limpid-josh,M7@bmm,8044,1280,32650,3,32650,2236,NULL,19833050,19833050,19833050,19833031,LIMIT,SELL,1,590,2021-05-20T07:30:33.024,2021-05-20T07:30:33.031,30:33.0,07:30:33,1,650,590,-60,795.328,-1,0,0,0,0,0,0,1,0
limpid-josh,M3@bmm,8040,1280,32650,3,32650,2236,NULL,19833051,19833051,19833051,NULL,LIMIT,BUY,1,590,2021-05-20T07:30:33.434,2021-05-20T07:30:33.438,30:33.4,07:30:33,0,650,0,#N/A,795.738,1,0,0,0,0,0,0,0,0
limpid-josh,M1@bmm,8038,1280,32650,3,32650,2236,NULL,19833052,19833052,19833052,19833063,LIMIT,SELL,2,595,2021-05-20T07:30:37.790,2021-05-20T07:31:09.553,30:37.8,07:30:37,0,650,0,#N/A,800.094,-1,0,0,0,0,0,0,0,0
limpid-josh,M3@bmm,8040,1280,32650,3,32650,2236,NULL,19833053,19833053,19833053,NULL,LIMIT,BUY,1,590,2021-05-20T07:30:37.853,2021-05-20T07:30:37.856,30:37.9,07:30:37,0,650,0,#N/A,800.157,1,0,0,0,0,0,0,0,0
limpid-josh,M6@bmm,8043,1280,32650,3,32650,2236,NULL,19833054,19833054,19833054,0,LIMIT,BUY,2,595,2021-05-20T07:30:54.084,2021-05-20T07:30:54.106,30:54.1,07:30:54,0,650,0,#N/A,816.388,1,0,0,0,0,0,0,0,0
limpid-josh,M6@bmm,8043,1280,32650,3,32650,2236,NULL,19833055,19833054,19833054,19833036,LIMIT,BUY,1,595,2021-05-20T07:30:54.090,2021-05-20T07:30:54.106,30:54.1,07:30:54,1,650,595,-55,816.394,1,0,0,0,0,0,1,0,0
limpid-josh,M6@bmm,8043,1280,32650,3,32650,2236,NULL,19833056,19833054,19833054,19833057,LIMIT,BUY,1,595,2021-05-20T07:30:54.095,2021-05-20T07:30:54.107,30:54.1,07:30:54,0,650,0,#N/A,816.399,1,0,0,0,0,0,0,0,0
limpid-josh,M1@bmm,8038,1280,32650,3,32650,2236,NULL,19833057,19833033,19833033,19833056,LIMIT,SELL,1,595,2021-05-20T07:30:54.098,2021-05-20T07:30:54.107,30:54.1,07:30:54,1,650,595,-55,816.402,-1,1,0,0,0,0,0,0,0
limpid-josh,M1@bmm,8038,1280,32650,3,32650,2236,NULL,19833058,19833033,19833033,19833065,LIMIT,SELL,1,595,2021-05-20T07:29:34.660,2021-05-20T07:31:18.012,29:34.7,07:29:34,0,650,0,#N/A,736.964,-1,0,0,0,0,0,0,0,0
limpid-josh,M2@bmm,8039,1280,32650,3,32650,2236,NULL,19833059,19833059,19833059,19833060,LIMIT,SELL,1,590,2021-05-20T07:30:57.030,2021-05-20T07:30:57.046,30:57.0,07:30:57,0,650,0,#N/A,819.334,-1,0,0,0,0,0,0,0,0
limpid-josh,M8@bmm,8045,1280,32650,3,32650,2236,NULL,19833060,19833037,19833037,19833059,LIMIT,BUY,1,590,2021-05-20T07:30:57.039,2021-05-20T07:30:57.046,30:57.0,07:30:57,1,650,590,-60,819.343,1,0,0,0,0,0,0,0,1
limpid-josh,M8@bmm,8045,1280,32650,3,32650,2236,NULL,19833061,19833037,19833037,NULL,LIMIT,BUY,1,590,2021-05-20T07:29:38.888,2021-05-20T07:30:57.047,29:38.9,07:29:38,0,650,0,#N/A,741.192,1,0,0,0,0,0,0,0,0
limpid-josh,M4@bmm,8041,1280,32650,3,32650,2236,NULL,19833062,19833062,19833062,NULL,LIMIT,BUY,1,590,2021-05-20T07:30:57.059,2021-05-20T07:30:57.062,30:57.1,07:30:57,0,650,0,#N/A,819.363,1,0,0,0,0,0,0,0,0
limpid-josh,M1@bmm,8038,1280,32650,3,32650,2236,NULL,19833063,19833052,19833063,19833052,CANCEL,SELL,2,595,2021-05-20T07:31:09.545,2021-05-20T07:31:09.553,31:09.5,07:31:09,0,650,0,#N/A,831.849,-1,0,0,0,0,0,0,0,0
limpid-josh,M1@bmm,8038,1280,32650,3,32650,2236,NULL,19833064,19833064,19833064,NULL,LIMIT,SELL,2,600,2021-05-20T07:31:10.933,2021-05-20T07:31:10.937,31:10.9,07:31:10,0,650,0,#N/A,833.237,-1,0,0,0,0,0,0,0,0
limpid-josh,M3@bmm,8040,1280,32650,3,32650,2236,NULL,19833065,19833065,19833065,19833058,LIMIT,BUY,1,595,2021-05-20T07:31:18.004,2021-05-20T07:31:18.011,31:18.0,07:31:18,1,650,595,-55,840.308,1,0,0,1,0,0,0,0,0
limpid-josh,M8@bmm,8045,1280,32650,3,32650,2236,NULL,19833066,19833066,19833066,0,LIMIT,BUY,2,595,2021-05-20T07:31:19.959,2021-05-20T07:31:38.310,31:20.0,07:31:19,0,650,0,#N/A,842.263,1,0,0,0,0,0,0,0,0
limpid-josh,M5@bmm,8042,1280,32650,3,32650,2236,NULL,19833067,19833067,19833067,19833068,LIMIT,SELL,1,595,2021-05-20T07:31:38.293,2021-05-20T07:31:38.309,31:38.3,07:31:38,0,650,0,#N/A,860.597,-1,0,0,0,0,0,0,0,0
limpid-josh,M8@bmm,8045,1280,32650,3,32650,2236,NULL,19833068,19833066,19833066,19833067,LIMIT,BUY,1,595,2021-05-20T07:31:38.300,2021-05-20T07:31:38.310,31:38.3,07:31:38,1,650,595,-55,860.604,1,0,0,0,0,0,0,0,1
limpid-josh,M8@bmm,8045,1280,32650,3,32650,2236,NULL,19833069,19833066,19833066,19833072,LIMIT,BUY,1,595,2021-05-20T07:31:19.959,2021-05-20T07:31:48.807,31:20.0,07:31:19,0,650,0,#N/A,842.263,1,0,0,0,0,0,0,0,0
limpid-josh,M6@bmm,8043,1280,32650,3,32650,2236,NULL,19833070,19833043,19833070,19833043,CANCEL,BUY,2,590,2021-05-20T07:31:41.815,2021-05-20T07:31:41.822,31:41.8,07:31:41,0,650,0,#N/A,864.119,1,0,0,0,0,0,0,0,0
limpid-josh,M6@bmm,8043,1280,32650,3,32650,2236,NULL,19833071,19833071,19833071,NULL,LIMIT,BUY,2,595,2021-05-20T07:31:43.415,2021-05-20T07:31:43.419,31:43.4,07:31:43,0,650,0,#N/A,865.719,1,0,0,0,0,0,0,0,0
limpid-josh,M8@bmm,8045,1280,32650,3,32650,2236,NULL,19833072,19833066,19833072,19833069,CANCEL,BUY,1,595,2021-05-20T07:31:48.800,2021-05-20T07:31:48.807,31:48.8,07:31:48,0,650,0,#N/A,871.104,1,0,0,0,0,0,0,0,0
limpid-josh,M8@bmm,8045,1280,32650,3,32650,2236,NULL,19833073,19833073,19833073,NULL,LIMIT,SELL,2,600,2021-05-20T07:31:54.737,2021-05-20T07:31:54.740,31:54.7,07:31:54,0,650,0,#N/A,877.041,-1,0,0,0,0,0,0,0,0
limpid-josh,M4@bmm,8041,1280,32650,3,32650,2236,NULL,19833074,19833074,19833074,NULL,LIMIT,BUY,1,595,2021-05-20T07:31:58.448,2021-05-20T07:31:58.452,31:58.4,07:31:58,0,650,0,#N/A,880.752,1,0,0,0,0,0,0,0,0
limpid-josh,M1@bmm,8038,1280,32651,4,32651,2236,NULL,19833075,19833075,19833075,NULL,LIMIT,BUY,1,450,2021-05-20T07:32:28.537,2021-05-20T07:32:28.541,32:28.5,07:32:28,0,600,0,#N/A,910.841,1,0,0,0,0,0,0,0,0
limpid-josh,M1@bmm,8038,1280,32651,4,32651,2236,NULL,19833076,19833076,19833076,NULL,LIMIT,BUY,2,475,2021-05-20T07:32:30.655,2021-05-20T07:32:30.658,32:30.7,07:32:30,0,600,0,#N/A,912.959,1,0,0,0,0,0,0,0,0
limpid-josh,M4@bmm,8041,1280,32651,4,32651,2236,NULL,19833077,19833077,19833077,19833090,LIMIT,BUY,1,560,2021-05-20T07:32:31.813,2021-05-20T07:32:46.384,32:31.8,07:32:31,0,600,0,#N/A,914.117,1,0,0,0,0,0,0,0,0
limpid-josh,M4@bmm,8041,1280,32651,4,32651,2236,NULL,19833078,19833078,19833078,19833082,LIMIT,BUY,1,560,2021-05-20T07:32:32.046,2021-05-20T07:32:37.889,32:32.0,07:32:32,0,600,0,#N/A,914.35,1,0,0,0,0,0,0,0,0
limpid-josh,M4@bmm,8041,1280,32651,4,32651,2236,NULL,19833079,19833079,19833079,19833081,LIMIT,BUY,1,560,2021-05-20T07:32:32.244,2021-05-20T07:32:37.064,32:32.2,07:32:32,0,600,0,#N/A,914.548,1,0,0,0,0,0,0,0,0
limpid-josh,M1@bmm,8038,1280,32651,4,32651,2236,NULL,19833080,19833080,19833080,NULL,LIMIT,BUY,2,465,2021-05-20T07:32:32.861,2021-05-20T07:32:32.865,32:32.9,07:32:32,0,600,0,#N/A,915.165,1,0,0,0,0,0,0,0,0
limpid-josh,M4@bmm,8041,1280,32651,4,32651,2236,NULL,19833081,19833079,19833081,19833079,CANCEL,BUY,1,560,2021-05-20T07:32:37.057,2021-05-20T07:32:37.063,32:37.1,07:32:37,0,600,0,#N/A,919.361,1,0,0,0,0,0,0,0,0
limpid-josh,M4@bmm,8041,1280,32651,4,32651,2236,NULL,19833082,19833078,19833082,19833078,CANCEL,BUY,1,560,2021-05-20T07:32:37.880,2021-05-20T07:32:37.888,32:37.9,07:32:37,0,600,0,#N/A,920.184,1,0,0,0,0,0,0,0,0
limpid-josh,M7@bmm,8044,1280,32651,4,32651,2236,NULL,19833083,19833083,19833083,19833116,LIMIT,BUY,1,570,2021-05-20T07:32:38.791,2021-05-20T07:33:03.953,32:38.8,07:32:38,0,600,0,#N/A,921.095,1,0,0,0,0,0,0,0,0
limpid-josh,M1@bmm,8038,1280,32651,4,32651,2236,NULL,19833084,19833084,19833084,NULL,LIMIT,BUY,2,540,2021-05-20T07:32:39.165,2021-05-20T07:32:39.168,32:39.2,07:32:39,0,600,0,#N/A,921.469,1,0,0,0,0,0,0,0,0
limpid-josh,M1@bmm,8038,1280,32651,4,32651,2236,NULL,19833085,19833085,19833085,NULL,LIMIT,BUY,2,555,2021-05-20T07:32:41.711,2021-05-20T07:32:41.714,32:41.7,07:32:41,0,600,0,#N/A,924.015,1,0,0,0,0,0,0,0,0
limpid-josh,M6@bmm,8043,1280,32651,4,32651,2236,NULL,19833086,19833086,19833086,19833122,LIMIT,BUY,2,575,2021-05-20T07:32:42.839,2021-05-20T07:33:11.521,32:42.8,07:32:42,0,600,0,#N/A,925.143,1,0,0,0,0,0,0,0,0
limpid-josh,M4@bmm,8041,1280,32651,4,32651,2236,NULL,19833087,19833087,19833087,19833130,LIMIT,BUY,1,580,2021-05-20T07:32:43.276,2021-05-20T07:33:22.408,32:43.3,07:32:43,0,600,0,#N/A,925.58,1,0,0,0,0,0,0,0,0
limpid-josh,M4@bmm,8041,1280,32651,4,32651,2236,NULL,19833088,19833088,19833088,19833129,LIMIT,BUY,1,580,2021-05-20T07:32:45.112,2021-05-20T07:33:21.687,32:45.1,07:32:45,0,600,0,#N/A,927.416,1,0,0,0,0,0,0,0,0
limpid-josh,M4@bmm,8041,1280,32651,4,32651,2236,NULL,19833089,19833089,19833089,19833127,LIMIT,BUY,1,580,2021-05-20T07:32:45.294,2021-05-20T07:33:20.626,32:45.3,07:32:45,0,600,0,#N/A,927.598,1,0,0,0,0,0,0,0,0
limpid-josh,M4@bmm,8041,1280,32651,4,32651,2236,NULL,19833090,19833077,19833090,19833077,CANCEL,BUY,1,560,2021-05-20T07:32:46.377,2021-05-20T07:32:46.384,32:46.4,07:32:46,0,600,0,#N/A,928.681,1,0,0,0,0,0,0,0,0
limpid-josh,M2@bmm,8039,1280,32651,4,32651,2236,NULL,19833091,19833091,19833091,19833094,LIMIT,BUY,1,585,2021-05-20T07:32:46.470,2021-05-20T07:32:48.035,32:46.5,07:32:46,0,600,0,#N/A,928.774,1,0,0,0,0,0,0,0,0
limpid-josh,M8@bmm,8045,1280,32651,4,32651,2236,NULL,19833092,19833092,19833092,NULL,LIMIT,SELL,2,600,2021-05-20T07:32:47.700,2021-05-20T07:32:47.704,32:47.7,07:32:47,0,600,0,#N/A,930.004,-1,0,0,0,0,0,0,0,0
limpid-josh,M1@bmm,8038,1280,32651,4,32651,2236,NULL,19833093,19833093,19833093,0,LIMIT,SELL,2,585,2021-05-20T07:32:48.021,2021-05-20T07:32:48.035,32:48.0,07:32:48,0,600,0,#N/A,930.325,-1,0,0,0,0,0,0,0,0
limpid-josh,M1@bmm,8038,1280,32651,4,32651,2236,NULL,19833094,19833093,19833093,19833091,LIMIT,SELL,1,585,2021-05-20T07:32:48.028,2021-05-20T07:32:48.035,32:48.0,07:32:48,1,600,585,-15,930.332,-1,1,0,0,0,0,0,0,0
limpid-josh,M1@bmm,8038,1280,32651,4,32651,2236,NULL,19833095,19833093,19833093,19833098,LIMIT,SELL,1,585,2021-05-20T07:32:48.021,2021-05-20T07:32:51.830,32:48.0,07:32:48,0,600,0,#N/A,930.325,-1,0,0,0,0,0,0,0,0
limpid-josh,M3@bmm,8040,1280,32651,4,32651,2236,NULL,19833096,19833096,19833096,19833128,LIMIT,BUY,1,550,2021-05-20T07:32:49.502,2021-05-20T07:33:21.028,32:49.5,07:32:49,0,600,0,#N/A,931.806,1,0,0,0,0,0,0,0,0
limpid-josh,M6@bmm,8043,1280,32651,4,32651,2236,NULL,19833097,19833097,19833097,0,LIMIT,BUY,2,585,2021-05-20T07:32:51.816,2021-05-20T07:32:51.829,32:51.8,07:32:51,0,600,0,#N/A,934.12,1,0,0,0,0,0,0,0,0
limpid-josh,M6@bmm,8043,1280,32651,4,32651,2236,NULL,19833098,19833097,19833097,19833095,LIMIT,BUY,1,585,2021-05-20T07:32:51.823,2021-05-20T07:32:51.830,32:51.8,07:32:51,1,600,585,-15,934.127,1,0,0,0,0,0,1,0,0
limpid-josh,M6@bmm,8043,1280,32651,4,32651,2236,NULL,19833099,19833097,19833097,19833103,LIMIT,BUY,1,585,2021-05-20T07:32:51.816,2021-05-20T07:32:58.732,32:51.8,07:32:51,0,600,0,#N/A,934.12,1,0,0,0,0,0,0,0,0
limpid-josh,M2@bmm,8039,1280,32651,4,32651,2236,NULL,19833100,19833100,19833100,19833107,LIMIT,BUY,1,585,2021-05-20T07:32:54.575,2021-05-20T07:33:00.972,32:54.6,07:32:54,0,600,0,#N/A,936.879,1,0,0,0,0,0,0,0,0
limpid-josh,M1@bmm,8038,1280,32651,4,32651,2236,NULL,19833101,19833101,19833101,19833104,LIMIT,SELL,2,590,2021-05-20T07:32:55.133,2021-05-20T07:32:59.807,32:55.1,07:32:55,0,600,0,#N/A,937.437,-1,0,0,0,0,0,0,0,0
limpid-josh,M1@bmm,8038,1280,32651,4,32651,2236,NULL,19833102,19833102,19833102,19833147,LIMIT,SELL,2,595,2021-05-20T07:32:57.045,2021-05-20T07:36:06.470,32:57.0,07:32:57,0,600,0,#N/A,939.349,-1,0,0,0,0,0,0,0,0
limpid-josh,M5@bmm,8042,1280,32651,4,32651,2236,NULL,19833103,19833103,19833103,19833099,LIMIT,SELL,1,585,2021-05-20T07:32:58.724,2021-05-20T07:32:58.731,32:58.7,07:32:58,1,600,585,-15,941.028,-1,0,0,0,0,1,0,0,0
limpid-josh,M6@bmm,8043,1280,32651,4,32651,2236,NULL,19833104,19833104,19833104,19833101,LIMIT,BUY,2,590,2021-05-20T07:32:59.799,2021-05-20T07:32:59.806,32:59.8,07:32:59,1,600,590,-10,942.103,1,0,0,0,0,0,2,0,0
limpid-josh,M1@bmm,8038,1280,32651,4,32651,2236,NULL,19833105,19833105,19833105,NULL,LIMIT,SELL,2,600,2021-05-20T07:33:00.045,2021-05-20T07:33:00.049,33:00.0,07:33:00,0,600,0,#N/A,942.349,-1,0,0,0,0,0,0,0,0
limpid-josh,M7@bmm,8044,1280,32651,4,32651,2236,NULL,19833106,19833106,19833106,19833138,LIMIT,BUY,1,585,2021-05-20T07:33:00.588,2021-05-20T07:33:47.995,33:00.6,07:33:00,0,600,0,#N/A,942.892,1,0,0,0,0,0,0,0,0
limpid-josh,M5@bmm,8042,1280,32651,4,32651,2236,NULL,19833107,19833107,19833107,19833100,LIMIT,SELL,1,585,2021-05-20T07:33:00.964,2021-05-20T07:33:00.972,33:01.0,07:33:00,1,600,585,-15,943.268,-1,0,0,0,0,1,0,0,0
limpid-josh,M8@bmm,8045,1280,32651,4,32651,2236,NULL,19833108,19833108,19833108,0,LIMIT,BUY,2,590,2021-05-20T07:33:01.510,2021-05-20T07:33:03.460,33:01.5,07:33:01,0,600,0,#N/A,943.814,1,0,0,0,0,0,0,0,0
limpid-josh,M3@bmm,8040,1280,32651,4,32651,2236,NULL,19833109,19833109,19833109,19833149,LIMIT,SELL,1,595,2021-05-20T07:33:01.691,2021-05-20T07:36:12.352,33:01.7,07:33:01,0,600,0,#N/A,943.995,-1,0,0,0,0,0,0,0,0
limpid-josh,M3@bmm,8040,1280,32651,4,32651,2236,NULL,19833110,19833110,19833110,19833123,LIMIT,SELL,1,595,2021-05-20T07:33:02.539,2021-05-20T07:33:11.618,33:02.5,07:33:02,0,600,0,#N/A,944.843,-1,0,0,0,0,0,0,0,0
limpid-josh,M3@bmm,8040,1280,32651,4,32651,2236,NULL,19833111,19833111,19833111,19833119,LIMIT,SELL,1,595,2021-05-20T07:33:02.810,2021-05-20T07:33:06.465,33:02.8,07:33:02,0,600,0,#N/A,945.114,-1,0,0,0,0,0,0,0,0
limpid-josh,M3@bmm,8040,1280,32651,4,32651,2236,NULL,19833112,19833112,19833112,19833117,LIMIT,SELL,1,595,2021-05-20T07:33:03.178,2021-05-20T07:33:06.041,33:03.2,07:33:03,0,600,0,#N/A,945.482,-1,0,0,0,0,0,0,0,0
limpid-josh,M5@bmm,8042,1280,32651,4,32651,2236,NULL,19833113,19833113,19833113,19833114,LIMIT,SELL,1,590,2021-05-20T07:33:03.444,2021-05-20T07:33:03.460,33:03.4,07:33:03,0,600,0,#N/A,945.748,-1,0,0,0,0,0,0,0,0
limpid-josh,M8@bmm,8045,1280,32651,4,32651,2236,NULL,19833114,19833108,19833108,19833113,LIMIT,BUY,1,590,2021-05-20T07:33:03.451,2021-05-20T07:33:03.460,33:03.5,07:33:03,1,600,590,-10,945.755,1,0,0,0,0,0,0,0,1
limpid-josh,M8@bmm,8045,1280,32651,4,32651,2236,NULL,19833115,19833108,19833108,19833118,LIMIT,BUY,1,590,2021-05-20T07:33:01.510,2021-05-20T07:33:06.449,33:01.5,07:33:01,0,600,0,#N/A,943.814,1,0,0,0,0,0,0,0,0
limpid-josh,M7@bmm,8044,1280,32651,4,32651,2236,NULL,19833116,19833083,19833116,19833083,CANCEL,BUY,1,570,2021-05-20T07:33:03.943,2021-05-20T07:33:03.953,33:03.9,07:33:03,0,600,0,#N/A,946.247,1,0,0,0,0,0,0,0,0
limpid-josh,M3@bmm,8040,1280,32651,4,32651,2236,NULL,19833117,19833112,19833117,19833112,CANCEL,SELL,1,595,2021-05-20T07:33:06.032,2021-05-20T07:33:06.041,33:06.0,07:33:06,0,600,0,#N/A,948.336,-1,0,0,0,0,0,0,0,0
limpid-josh,M5@bmm,8042,1280,32651,4,32651,2236,NULL,19833118,19833118,19833118,19833115,LIMIT,SELL,1,590,2021-05-20T07:33:06.440,2021-05-20T07:33:06.448,33:06.4,07:33:06,1,600,590,-10,948.744,-1,0,0,0,0,1,0,0,0
limpid-josh,M3@bmm,8040,1280,32651,4,32651,2236,NULL,19833119,19833111,19833119,19833111,CANCEL,SELL,1,595,2021-05-20T07:33:06.457,2021-05-20T07:33:06.465,33:06.5,07:33:06,0,600,0,#N/A,948.761,-1,0,0,0,0,0,0,0,0
limpid-josh,M4@bmm,8041,1280,32651,4,32651,2236,NULL,19833120,19833120,19833120,NULL,LIMIT,SELL,2,600,2021-05-20T07:33:08.904,2021-05-20T07:33:08.907,33:08.9,07:33:08,0,600,0,#N/A,951.208,-1,0,0,0,0,0,0,0,0
limpid-josh,M2@bmm,8039,1280,32651,4,32651,2236,NULL,19833121,19833121,19833121,NULL,LIMIT,BUY,1,585,2021-05-20T07:33:10.360,2021-05-20T07:33:10.362,33:10.4,07:33:10,0,600,0,#N/A,952.664,1,0,0,0,0,0,0,0,0
limpid-josh,M6@bmm,8043,1280,32651,4,32651,2236,NULL,19833122,19833086,19833122,19833086,CANCEL,BUY,2,575,2021-05-20T07:33:11.514,2021-05-20T07:33:11.521,33:11.5,07:33:11,0,600,0,#N/A,953.818,1,0,0,0,0,0,0,0,0
limpid-josh,M3@bmm,8040,1280,32651,4,32651,2236,NULL,19833123,19833110,19833123,19833110,CANCEL,SELL,1,595,2021-05-20T07:33:11.611,2021-05-20T07:33:11.617,33:11.6,07:33:11,0,600,0,#N/A,953.915,-1,0,0,0,0,0,0,0,0
limpid-josh,M6@bmm,8043,1280,32651,4,32651,2236,NULL,19833124,19833124,19833124,0,LIMIT,BUY,2,590,2021-05-20T07:33:13.584,2021-05-20T07:35:03.882,33:13.6,07:33:13,0,600,0,#N/A,955.888,1,0,0,0,0,0,0,0,0
limpid-josh,M8@bmm,8045,1280,32651,4,32651,2236,NULL,19833125,19833125,19833125,19833136,LIMIT,BUY,2,585,2021-05-20T07:33:17.273,2021-05-20T07:33:35.724,33:17.3,07:33:17,0,600,0,#N/A,959.577,1,0,0,0,0,0,0,0,0
limpid-josh,M4@bmm,8041,1280,32651,4,32651,2236,NULL,19833126,19833126,19833126,NULL,LIMIT,BUY,2,590,2021-05-20T07:33:19.318,2021-05-20T07:33:19.321,33:19.3,07:33:19,0,600,0,#N/A,961.622,1,0,0,0,0,0,0,0,0
limpid-josh,M4@bmm,8041,1280,32651,4,32651,2236,NULL,19833127,19833089,19833127,19833089,CANCEL,BUY,1,580,2021-05-20T07:33:20.619,2021-05-20T07:33:20.626,33:20.6,07:33:20,0,600,0,#N/A,962.923,1,0,0,0,0,0,0,0,0
limpid-josh,M3@bmm,8040,1280,32651,4,32651,2236,NULL,19833128,19833096,19833128,19833096,CANCEL,BUY,1,550,2021-05-20T07:33:21.021,2021-05-20T07:33:21.028,33:21.0,07:33:21,0,600,0,#N/A,963.325,1,0,0,0,0,0,0,0,0
limpid-josh,M4@bmm,8041,1280,32651,4,32651,2236,NULL,19833129,19833088,19833129,19833088,CANCEL,BUY,1,580,2021-05-20T07:33:21.680,2021-05-20T07:33:21.686,33:21.7,07:33:21,0,600,0,#N/A,963.984,1,0,0,0,0,0,0,0,0
limpid-josh,M4@bmm,8041,1280,32651,4,32651,2236,NULL,19833130,19833087,19833130,19833087,CANCEL,BUY,1,580,2021-05-20T07:33:22.391,2021-05-20T07:33:22.407,33:22.4,07:33:22,0,600,0,#N/A,964.695,1,0,0,0,0,0,0,0,0
limpid-josh,M1@bmm,8038,1280,32651,4,32651,2236,NULL,19833131,19833131,19833131,NULL,LIMIT,BUY,2,570,2021-05-20T07:33:23.543,2021-05-20T07:33:23.546,33:23.5,07:33:23,0,600,0,#N/A,965.847,1,0,0,0,0,0,0,0,0
limpid-josh,M3@bmm,8040,1280,32651,4,32651,2236,NULL,19833132,19833132,19833132,19833150,LIMIT,SELL,1,595,2021-05-20T07:33:28.939,2021-05-20T07:36:12.353,33:28.9,07:33:28,0,600,0,#N/A,971.243,-1,0,0,0,0,0,0,0,0
limpid-josh,M3@bmm,8040,1280,32651,4,32651,2236,NULL,19833133,19833133,19833133,19833134,LIMIT,SELL,1,595,2021-05-20T07:33:29.970,2021-05-20T07:33:33.096,33:30.0,07:33:29,0,600,0,#N/A,972.274,-1,0,0,0,0,0,0,0,0
limpid-josh,M3@bmm,8040,1280,32651,4,32651,2236,NULL,19833134,19833133,19833134,19833133,CANCEL,SELL,1,595,2021-05-20T07:33:33.088,2021-05-20T07:33:33.096,33:33.1,07:33:33,0,600,0,#N/A,975.392,-1,0,0,0,0,0,0,0,0
limpid-josh,M8@bmm,8045,1280,32651,4,32651,2236,NULL,19833135,19833135,19833135,NULL,LIMIT,BUY,2,590,2021-05-20T07:33:33.367,2021-05-20T07:33:33.371,33:33.4,07:33:33,0,600,0,#N/A,975.671,1,0,0,0,0,0,0,0,0
limpid-josh,M8@bmm,8045,1280,32651,4,32651,2236,NULL,19833136,19833125,19833136,19833125,CANCEL,BUY,2,585,2021-05-20T07:33:35.717,2021-05-20T07:33:35.724,33:35.7,07:33:35,0,600,0,#N/A,978.021,1,0,0,0,0,0,0,0,0
limpid-josh,M7@bmm,8044,1280,32651,4,32651,2236,NULL,19833137,19833137,19833137,NULL,LIMIT,BUY,1,590,2021-05-20T07:33:46.158,2021-05-20T07:33:46.161,33:46.2,07:33:46,0,600,0,#N/A,988.462,1,0,0,0,0,0,0,0,0
limpid-josh,M7@bmm,8044,1280,32651,4,32651,2236,NULL,19833138,19833106,19833138,19833106,CANCEL,BUY,1,585,2021-05-20T07:33:47.989,2021-05-20T07:33:47.995,33:48.0,07:33:47,0,600,0,#N/A,990.293,1,0,0,0,0,0,0,0,0
limpid-josh,M8@bmm,8045,1280,32651,4,32651,2236,NULL,19833139,19833139,19833139,NULL,LIMIT,SELL,2,595,2021-05-20T07:33:48.943,2021-05-20T07:33:48.946,33:48.9,07:33:48,0,600,0,#N/A,991.247,-1,0,0,0,0,0,0,0,0
limpid-josh,M3@bmm,8040,1280,32651,4,32651,2236,NULL,19833140,19833140,19833140,19833144,LIMIT,BUY,1,585,2021-05-20T07:34:56.093,2021-05-20T07:35:15.988,34:56.1,07:34:56,0,600,0,#N/A,1058.397,1,0,0,0,0,0,0,0,0
limpid-josh,M2@bmm,8039,1280,32651,4,32651,2236,NULL,19833141,19833141,19833141,19833142,LIMIT,SELL,1,590,2021-05-20T07:35:03.865,2021-05-20T07:35:03.882,35:03.9,07:35:03,0,600,0,#N/A,1066.169,-1,0,0,0,0,0,0,0,0
limpid-josh,M6@bmm,8043,1280,32651,4,32651,2236,NULL,19833142,19833124,19833124,19833141,LIMIT,BUY,1,590,2021-05-20T07:35:03.876,2021-05-20T07:35:03.882,35:03.9,07:35:03,1,600,590,-10,1066.18,1,0,0,0,0,0,1,0,0
limpid-josh,M6@bmm,8043,1280,32651,4,32651,2236,NULL,19833143,19833124,19833124,19833145,LIMIT,BUY,1,590,2021-05-20T07:33:13.584,2021-05-20T07:35:17.383,33:13.6,07:33:13,0,600,0,#N/A,955.888,1,0,0,0,0,0,0,0,0
limpid-josh,M3@bmm,8040,1280,32651,4,32651,2236,NULL,19833144,19833140,19833144,19833140,CANCEL,BUY,1,585,2021-05-20T07:35:15.980,2021-05-20T07:35:15.987,35:16.0,07:35:15,0,600,0,#N/A,1078.284,1,0,0,0,0,0,0,0,0
limpid-josh,M7@bmm,8044,1280,32651,4,32651,2236,NULL,19833145,19833145,19833145,19833143,LIMIT,SELL,1,590,2021-05-20T07:35:17.376,2021-05-20T07:35:17.383,35:17.4,07:35:17,1,600,590,-10,1079.68,-1,0,0,0,0,0,0,1,0
limpid-josh,M1@bmm,8038,1280,32651,4,32651,2236,NULL,19833146,19833146,19833146,NULL,LIMIT,BUY,2,580,2021-05-20T07:35:44.354,2021-05-20T07:35:44.357,35:44.4,07:35:44,0,600,0,#N/A,1106.658,1,0,0,0,0,0,0,0,0
limpid-josh,M1@bmm,8038,1280,32651,4,32651,2236,NULL,19833147,19833102,19833147,19833102,CANCEL,SELL,2,595,2021-05-20T07:36:06.463,2021-05-20T07:36:06.469,36:06.5,07:36:06,0,600,0,#N/A,1128.767,-1,0,0,0,0,0,0,0,0
limpid-josh,M1@bmm,8038,1280,32651,4,32651,2236,NULL,19833148,19833148,19833148,0,LIMIT,BUY,2,595,2021-05-20T07:36:12.335,2021-05-20T07:36:12.352,36:12.3,07:36:12,0,600,0,#N/A,1134.639,1,0,0,0,0,0,0,0,0
limpid-josh,M1@bmm,8038,1280,32651,4,32651,2236,NULL,19833149,19833148,19833148,19833109,LIMIT,BUY,1,595,2021-05-20T07:36:12.344,2021-05-20T07:36:12.353,36:12.3,07:36:12,1,600,595,-5,1134.648,1,1,0,0,0,0,0,0,0
limpid-josh,M1@bmm,8038,1280,32651,4,32651,2236,NULL,19833150,19833148,19833148,19833132,LIMIT,BUY,1,595,2021-05-20T07:36:12.349,2021-05-20T07:36:12.353,36:12.3,07:36:12,1,600,595,-5,1134.653,1,1,0,0,0,0,0,0,0
limpid-josh,M1@bmm,8038,1280,32652,5,32652,2236,NULL,19833151,19833151,19833151,NULL,LIMIT,BUY,1,530,2021-05-20T07:36:55.518,2021-05-20T07:36:55.521,36:55.5,07:36:55,0,550,0,#N/A,1177.822,1,0,0,0,0,0,0,0,0
limpid-josh,M1@bmm,8038,1280,32652,5,32652,2236,NULL,19833152,19833152,19833152,NULL,LIMIT,BUY,2,530,2021-05-20T07:36:58.767,2021-05-20T07:36:58.770,36:58.8,07:36:58,0,550,0,#N/A,1181.071,1,0,0,0,0,0,0,0,0
limpid-josh,M7@bmm,8044,1280,32652,5,32652,2236,NULL,19833153,19833153,19833153,19833175,LIMIT,BUY,1,555,2021-05-20T07:36:59.878,2021-05-20T07:37:29.169,36:59.9,07:36:59,0,550,0,#N/A,1182.182,1,0,0,0,0,0,0,0,0
limpid-josh,M1@bmm,8038,1280,32652,5,32652,2236,NULL,19833154,19833154,19833154,NULL,LIMIT,BUY,2,520,2021-05-20T07:37:00.126,2021-05-20T07:37:00.129,37:00.1,07:37:00,0,550,0,#N/A,1182.43,1,0,0,0,0,0,0,0,0
limpid-josh,M1@bmm,8038,1280,32652,5,32652,2236,NULL,19833155,19833155,19833155,NULL,LIMIT,BUY,2,520,2021-05-20T07:37:01.342,2021-05-20T07:37:01.345,37:01.3,07:37:01,0,550,0,#N/A,1183.646,1,0,0,0,0,0,0,0,0
limpid-josh,M4@bmm,8041,1280,32652,5,32652,2236,NULL,19833156,19833156,19833156,19833160,LIMIT,BUY,1,570,2021-05-20T07:37:02.190,2021-05-20T07:37:05.592,37:02.2,07:37:02,0,550,0,#N/A,1184.494,1,0,0,0,0,0,0,0,0
limpid-josh,M4@bmm,8041,1280,32652,5,32652,2236,NULL,19833157,19833157,19833157,19833195,LIMIT,BUY,1,570,2021-05-20T07:37:03.558,2021-05-20T07:38:52.253,37:03.6,07:37:03,0,550,0,#N/A,1185.862,1,0,0,0,0,0,0,0,0
limpid-josh,M8@bmm,8045,1280,32652,5,32652,2236,NULL,19833158,19833158,19833158,NULL,LIMIT,SELL,2,595,2021-05-20T07:37:03.761,2021-05-20T07:37:03.764,37:03.8,07:37:03,0,550,0,#N/A,1186.065,-1,0,0,0,0,0,0,0,0
limpid-josh,M3@bmm,8040,1280,32652,5,32652,2236,NULL,19833159,19833159,19833159,19833180,LIMIT,SELL,1,590,2021-05-20T07:37:05.149,2021-05-20T07:37:39.013,37:05.1,07:37:05,0,550,0,#N/A,1187.453,-1,0,0,0,0,0,0,0,0
limpid-josh,M1@bmm,8038,1280,32652,5,32652,2236,NULL,19833160,19833160,19833160,19833156,LIMIT,SELL,1,570,2021-05-20T07:37:05.584,2021-05-20T07:37:05.592,37:05.6,07:37:05,1,550,570,20,1187.888,-1,1,0,0,0,0,0,0,0
limpid-josh,M1@bmm,8038,1280,32652,5,32652,2236,NULL,19833161,19833161,19833161,0,LIMIT,SELL,2,580,2021-05-20T07:37:11.823,2021-05-20T07:37:12.797,37:11.8,07:37:11,0,550,0,#N/A,1194.127,-1,0,0,0,0,0,0,0,0
limpid-josh,M7@bmm,8044,1280,32652,5,32652,2236,NULL,19833162,19833162,19833162,0,LIMIT,BUY,1,585,2021-05-20T07:37:12.780,2021-05-20T07:37:12.796,37:12.8,07:37:12,0,550,0,#N/A,1195.084,1,0,0,0,0,0,0,0,0
limpid-josh,M7@bmm,8044,1280,32652,5,32652,2236,NULL,19833163,19833162,19833162,19833164,LIMIT,BUY,1,580,2021-05-20T07:37:12.787,2021-05-20T07:37:12.797,37:12.8,07:37:12,0,550,0,#N/A,1195.091,1,0,0,0,0,0,0,0,0
limpid-josh,M1@bmm,8038,1280,32652,5,32652,2236,NULL,19833164,19833161,19833161,19833163,LIMIT,SELL,1,580,2021-05-20T07:37:12.790,2021-05-20T07:37:12.797,37:12.8,07:37:12,1,550,580,30,1195.094,-1,1,0,0,0,0,0,0,0
limpid-josh,M1@bmm,8038,1280,32652,5,32652,2236,NULL,19833165,19833161,19833161,19833169,LIMIT,SELL,1,580,2021-05-20T07:37:11.823,2021-05-20T07:37:16.790,37:11.8,07:37:11,0,550,0,#N/A,1194.127,-1,0,0,0,0,0,0,0,0
limpid-josh,M1@bmm,8038,1280,32652,5,32652,2236,NULL,19833166,19833166,19833166,0,LIMIT,SELL,2,590,2021-05-20T07:37:13.062,2021-05-20T07:38:40.056,37:13.1,07:37:13,0,550,0,#N/A,1195.366,-1,0,0,0,0,0,0,0,0
limpid-josh,M4@bmm,8041,1280,32652,5,32652,2236,NULL,19833167,19833167,19833167,19833179,LIMIT,BUY,1,570,2021-05-20T07:37:13.303,2021-05-20T07:37:34.657,37:13.3,07:37:13,0,550,0,#N/A,1195.607,1,0,0,0,0,0,0,0,0
limpid-josh,M8@bmm,8045,1280,32652,5,32652,2236,NULL,19833168,19833168,19833168,0,LIMIT,BUY,2,585,2021-05-20T07:37:16.777,2021-05-20T07:37:16.790,37:16.8,07:37:16,0,550,0,#N/A,1199.081,1,0,0,0,0,0,0,0,0
limpid-josh,M8@bmm,8045,1280,32652,5,32652,2236,NULL,19833169,19833168,19833168,19833165,LIMIT,BUY,1,580,2021-05-20T07:37:16.783,2021-05-20T07:37:16.790,37:16.8,07:37:16,1,550,580,30,1199.087,1,0,0,0,0,0,0,0,1
limpid-josh,M8@bmm,8045,1280,32652,5,32652,2236,NULL,19833170,19833168,19833168,19833171,LIMIT,BUY,1,585,2021-05-20T07:37:16.777,2021-05-20T07:37:20.660,37:16.8,07:37:16,0,550,0,#N/A,1199.081,1,0,0,0,0,0,0,0,0
limpid-josh,M3@bmm,8040,1280,32652,5,32652,2236,NULL,19833171,19833171,19833171,19833170,LIMIT,SELL,1,585,2021-05-20T07:37:20.647,2021-05-20T07:37:20.659,37:20.6,07:37:20,1,550,585,35,1202.951,-1,0,0,1,0,0,0,0,0
limpid-josh,M1@bmm,8038,1280,32652,5,32652,2236,NULL,19833172,19833172,19833172,NULL,LIMIT,SELL,2,600,2021-05-20T07:37:22.254,2021-05-20T07:37:22.257,37:22.3,07:37:22,0,550,0,#N/A,1204.558,-1,0,0,0,0,0,0,0,0
limpid-josh,M2@bmm,8039,1280,32652,5,32652,2236,NULL,19833173,19833173,19833173,NULL,LIMIT,BUY,1,580,2021-05-20T07:37:22.713,2021-05-20T07:37:22.717,37:22.7,07:37:22,0,550,0,#N/A,1205.017,1,0,0,0,0,0,0,0,0
limpid-josh,M7@bmm,8044,1280,32652,5,32652,2236,NULL,19833174,19833174,19833174,19833177,LIMIT,BUY,1,585,2021-05-20T07:37:27.015,2021-05-20T07:37:32.035,37:27.0,07:37:27,0,550,0,#N/A,1209.319,1,0,0,0,0,0,0,0,0
limpid-josh,M7@bmm,8044,1280,32652,5,32652,2236,NULL,19833175,19833153,19833175,19833153,CANCEL,BUY,1,555,2021-05-20T07:37:29.161,2021-05-20T07:37:29.168,37:29.2,07:37:29,0,550,0,#N/A,1211.465,1,0,0,0,0,0,0,0,0
limpid-josh,M8@bmm,8045,1280,32652,5,32652,2236,NULL,19833176,19833176,19833176,0,LIMIT,BUY,2,585,2021-05-20T07:37:31.924,2021-05-20T07:39:27.145,37:31.9,07:37:31,0,550,0,#N/A,1214.228,1,0,0,0,0,0,0,0,0
limpid-josh,M5@bmm,8042,1280,32652,5,32652,2236,NULL,19833177,19833177,19833177,19833174,LIMIT,SELL,1,585,2021-05-20T07:37:32.028,2021-05-20T07:37:32.035,37:32.0,07:37:32,1,550,585,35,1214.332,-1,0,0,0,0,1,0,0,0
limpid-josh,M1@bmm,8038,1280,32652,5,32652,2236,NULL,19833178,19833178,19833178,NULL,LIMIT,BUY,2,550,2021-05-20T07:37:32.654,2021-05-20T07:37:32.657,37:32.7,07:37:32,0,550,0,#N/A,1214.958,1,0,0,0,0,0,0,0,0
limpid-josh,M4@bmm,8041,1280,32652,5,32652,2236,NULL,19833179,19833167,19833179,19833167,CANCEL,BUY,1,570,2021-05-20T07:37:34.649,2021-05-20T07:37:34.657,37:34.6,07:37:34,0,550,0,#N/A,1216.953,1,0,0,0,0,0,0,0,0
limpid-josh,M3@bmm,8040,1280,32652,5,32652,2236,NULL,19833180,19833159,19833180,19833159,CANCEL,SELL,1,590,2021-05-20T07:37:39.006,2021-05-20T07:37:39.012,37:39.0,07:37:39,0,550,0,#N/A,1221.31,-1,0,0,0,0,0,0,0,0
limpid-josh,M7@bmm,8044,1280,32652,5,32652,2236,NULL,19833181,19833181,19833181,NULL,LIMIT,BUY,1,585,2021-05-20T07:37:40.349,2021-05-20T07:37:40.353,37:40.3,07:37:40,0,550,0,#N/A,1222.653,1,0,0,0,0,0,0,0,0
limpid-josh,M4@bmm,8041,1280,32652,5,32652,2236,NULL,19833182,19833182,19833182,19833196,LIMIT,SELL,1,600,2021-05-20T07:37:41.256,2021-05-20T07:38:54.476,37:41.3,07:37:41,0,550,0,#N/A,1223.56,-1,0,0,0,0,0,0,0,0
limpid-josh,M4@bmm,8041,1280,32652,5,32652,2236,NULL,19833183,19833183,19833183,19833194,LIMIT,SELL,1,1000,2021-05-20T07:37:45,2021-05-20T07:38:49.547,07:37:45,#VALUE!,0,550,0,#N/A,1227.304,-1,0,0,0,0,0,0,0,0
limpid-josh,M1@bmm,8038,1280,32652,5,32652,2236,NULL,19833184,19833184,19833184,19833197,LIMIT,SELL,2,590,2021-05-20T07:37:59.351,2021-05-20T07:39:09.822,37:59.4,07:37:59,0,550,0,#N/A,1241.655,-1,0,0,0,0,0,0,0,0
limpid-josh,M8@bmm,8045,1280,32652,5,32652,2236,NULL,19833185,19833185,19833185,NULL,LIMIT,SELL,2,590,2021-05-20T07:38:02.152,2021-05-20T07:38:02.156,38:02.2,07:38:02,0,550,0,#N/A,1244.456,-1,0,0,0,0,0,0,0,0
limpid-josh,M3@bmm,8040,1280,32652,5,32652,2236,NULL,19833186,19833186,19833186,19833202,LIMIT,BUY,1,585,2021-05-20T07:38:32.319,2021-05-20T07:39:12.233,38:32.3,07:38:32,0,550,0,#N/A,1274.623,1,0,0,0,0,0,0,0,0
limpid-josh,M3@bmm,8040,1280,32652,5,32652,2236,NULL,19833187,19833187,19833187,19833201,LIMIT,BUY,1,585,2021-05-20T07:38:32.861,2021-05-20T07:39:11.554,38:32.9,07:38:32,0,550,0,#N/A,1275.165,1,0,0,0,0,0,0,0,0
limpid-josh,M3@bmm,8040,1280,32652,5,32652,2236,NULL,19833188,19833188,19833188,19833200,LIMIT,BUY,1,585,2021-05-20T07:38:33.309,2021-05-20T07:39:10.889,38:33.3,07:38:33,0,550,0,#N/A,1275.613,1,0,0,0,0,0,0,0,0
limpid-josh,M3@bmm,8040,1280,32652,5,32652,2236,NULL,19833189,19833189,19833189,19833199,LIMIT,BUY,1,585,2021-05-20T07:38:33.663,2021-05-20T07:39:10.332,38:33.7,07:38:33,0,550,0,#N/A,1275.967,1,0,0,0,0,0,0,0,0
limpid-josh,M3@bmm,8040,1280,32652,5,32652,2236,NULL,19833190,19833190,19833190,19833198,LIMIT,BUY,1,585,2021-05-20T07:38:34.123,2021-05-20T07:39:09.871,38:34.1,07:38:34,0,550,0,#N/A,1276.427,1,0,0,0,0,0,0,0,0
limpid-josh,M4@bmm,8041,1280,32652,5,32652,2236,NULL,19833191,19833191,19833191,19833192,LIMIT,BUY,1,590,2021-05-20T07:38:40.040,2021-05-20T07:38:40.055,38:40.0,07:38:40,0,550,0,#N/A,1282.344,1,0,0,0,0,0,0,0,0
limpid-josh,M1@bmm,8038,1280,32652,5,32652,2236,NULL,19833192,19833166,19833166,19833191,LIMIT,SELL,1,590,2021-05-20T07:38:40.049,2021-05-20T07:38:40.056,38:40.0,07:38:40,1,550,590,40,1282.353,-1,1,0,0,0,0,0,0,0
limpid-josh,M1@bmm,8038,1280,32652,5,32652,2236,NULL,19833193,19833166,19833166,NULL,LIMIT,SELL,1,590,2021-05-20T07:37:13.062,2021-05-20T07:38:40.056,37:13.1,07:37:13,0,550,0,#N/A,1195.366,-1,0,0,0,0,0,0,0,0
limpid-josh,M4@bmm,8041,1280,32652,5,32652,2236,NULL,19833194,19833183,19833194,19833183,CANCEL,SELL,1,1000,2021-05-20T07:38:49.537,2021-05-20T07:38:49.547,38:49.5,07:38:49,0,550,0,#N/A,1291.841,-1,0,0,0,0,0,0,0,0
limpid-josh,M4@bmm,8041,1280,32652,5,32652,2236,NULL,19833195,19833157,19833195,19833157,CANCEL,BUY,1,570,2021-05-20T07:38:52.246,2021-05-20T07:38:52.253,38:52.2,07:38:52,0,550,0,#N/A,1294.55,1,0,0,0,0,0,0,0,0
limpid-josh,M4@bmm,8041,1280,32652,5,32652,2236,NULL,19833196,19833182,19833196,19833182,CANCEL,SELL,1,600,2021-05-20T07:38:54.468,2021-05-20T07:38:54.475,38:54.5,07:38:54,0,550,0,#N/A,1296.772,-1,0,0,0,0,0,0,0,0
limpid-josh,M1@bmm,8038,1280,32652,5,32652,2236,NULL,19833197,19833184,19833197,19833184,CANCEL,SELL,2,590,2021-05-20T07:39:09.813,2021-05-20T07:39:09.821,39:09.8,07:39:09,0,550,0,#N/A,1312.117,-1,0,0,0,0,0,0,0,0
limpid-josh,M3@bmm,8040,1280,32652,5,32652,2236,NULL,19833198,19833190,19833198,19833190,CANCEL,BUY,1,585,2021-05-20T07:39:09.863,2021-05-20T07:39:09.871,39:09.9,07:39:09,0,550,0,#N/A,1312.167,1,0,0,0,0,0,0,0,0
limpid-josh,M3@bmm,8040,1280,32652,5,32652,2236,NULL,19833199,19833189,19833199,19833189,CANCEL,BUY,1,585,2021-05-20T07:39:10.323,2021-05-20T07:39:10.331,39:10.3,07:39:10,0,550,0,#N/A,1312.627,1,0,0,0,0,0,0,0,0
limpid-josh,M3@bmm,8040,1280,32652,5,32652,2236,NULL,19833200,19833188,19833200,19833188,CANCEL,BUY,1,585,2021-05-20T07:39:10.881,2021-05-20T07:39:10.888,39:10.9,07:39:10,0,550,0,#N/A,1313.185,1,0,0,0,0,0,0,0,0
limpid-josh,M3@bmm,8040,1280,32652,5,32652,2236,NULL,19833201,19833187,19833201,19833187,CANCEL,BUY,1,585,2021-05-20T07:39:11.544,2021-05-20T07:39:11.553,39:11.5,07:39:11,0,550,0,#N/A,1313.848,1,0,0,0,0,0,0,0,0
limpid-josh,M3@bmm,8040,1280,32652,5,32652,2236,NULL,19833202,19833186,19833202,19833186,CANCEL,BUY,1,585,2021-05-20T07:39:12.225,2021-05-20T07:39:12.232,39:12.2,07:39:12,0,550,0,#N/A,1314.529,1,0,0,0,0,0,0,0,0
limpid-josh,M3@bmm,8040,1280,32652,5,32652,2236,NULL,19833203,19833203,19833203,19833204,LIMIT,SELL,1,585,2021-05-20T07:39:27.129,2021-05-20T07:39:27.144,39:27.1,07:39:27,0,550,0,#N/A,1329.433,-1,0,0,0,0,0,0,0,0
limpid-josh,M8@bmm,8045,1280,32652,5,32652,2236,NULL,19833204,19833176,19833176,19833203,LIMIT,BUY,1,585,2021-05-20T07:39:27.137,2021-05-20T07:39:27.145,39:27.1,07:39:27,1,550,585,35,1329.441,1,0,0,0,0,0,0,0,1
limpid-josh,M8@bmm,8045,1280,32652,5,32652,2236,NULL,19833205,19833176,19833176,NULL,LIMIT,BUY,1,585,2021-05-20T07:37:31.924,2021-05-20T07:39:27.145,37:31.9,07:37:31,0,550,0,#N/A,1214.228,1,0,0,0,0,0,0,0,0
limpid-josh,M4@bmm,8041,1280,32652,5,32652,2236,NULL,19833206,19833206,19833206,NULL,LIMIT,BUY,1,585,2021-05-20T07:39:40.155,2021-05-20T07:39:40.158,39:40.2,07:39:40,0,550,0,#N/A,1342.459,1,0,0,0,0,0,0,0,0
limpid-josh,M4@bmm,8041,1280,32653,6,32653,2236,NULL,19833207,19833207,19833207,19833212,LIMIT,BUY,1,540,2021-05-20T07:40:20.800,2021-05-20T07:40:25.534,40:20.8,07:40:20,0,500,0,#N/A,1383.104,1,0,0,0,0,0,0,0,0
limpid-josh,M1@bmm,8038,1280,32653,6,32653,2236,NULL,19833208,19833208,19833208,NULL,LIMIT,BUY,1,485,2021-05-20T07:40:22.065,2021-05-20T07:40:22.068,40:22.1,07:40:22,0,500,0,#N/A,1384.369,1,0,0,0,0,0,0,0,0
