account,email,owner,marketplace,session,period,market,target,order,original,supplier,consumer,type,side,units,price,createdDate,lastModifiedDate,16. just time,17. just second,,trade,fair value,trade price,mispricing,time mins,time secs,buy/sell
pert-josh,M7@bmm,4570,433,8593,1,814,NULL,2814207,2814207,2814207,2814209,LIMIT,SELL,1,665,2019-03-29T00:27:54.087,2019-03-29T00:27:54.947,,00:27:54.087,00:27:54.087,0,750,#N/A,#N/A,00:00:00,0,-1
pert-josh,M5@bmm,4568,433,8593,1,814,NULL,2814209,2814208,2814208,2814207,LIMIT,BUY,1,665,2019-03-29T00:27:54.941,2019-03-29T00:27:54.947,,00:27:54.941,00:27:54.941,1,750,665,-85,00:00:01,0.854,1
pert-josh,M1@bmm,4564,433,8593,1,814,NULL,2814210,2814210,2814210,2814212,LIMIT,SELL,1,610,2019-03-29T00:28:00.416,2019-03-29T00:28:02.092,,00:28:00.416,00:28:00.416,0,750,#N/A,#N/A,00:00:06,6.329,-1
pert-josh,M4@bmm,4567,433,8593,1,814,NULL,2814212,2814211,2814211,2814210,LIMIT,BUY,1,610,2019-03-29T00:28:02.086,2019-03-29T00:28:02.092,,00:28:02.086,00:28:02.086,1,750,610,-140,00:00:08,7.999,1
pert-josh,M7@bmm,4570,433,8593,1,814,NULL,2814213,2814213,2814213,2814229,LIMIT,SELL,1,735,2019-03-29T00:28:03.407,2019-03-29T00:28:37.888,,00:28:03.407,00:28:03.407,0,750,#N/A,#N/A,00:00:09,9.32,-1
pert-josh,M3@bmm,4566,433,8593,1,814,NULL,2814216,2814216,2814216,2814218,LIMIT,BUY,1,700,2019-03-29T00:28:14.194,2019-03-29T00:28:14.456,,00:28:14.194,00:28:14.194,0,750,#N/A,#N/A,00:00:20,20.107,1
pert-josh,M8@bmm,4571,433,8593,1,814,NULL,2814218,2814217,2814217,2814216,LIMIT,SELL,1,700,2019-03-29T00:28:14.450,2019-03-29T00:28:14.456,,00:28:14.450,00:28:14.450,1,750,700,-50,00:00:20,20.363,-1
pert-josh,M7@bmm,4570,433,8593,1,814,NULL,2814220,2814220,2814220,2814233,LIMIT,SELL,1,750,2019-03-29T00:28:21.639,2019-03-29T00:28:44.093,,00:28:21.639,00:28:21.639,0,750,#N/A,#N/A,00:00:28,27.552,-1
pert-josh,M7@bmm,4570,433,8593,1,814,NULL,2814223,2814223,2814223,2814224,LIMIT,SELL,1,725,2019-03-29T00:28:31.269,2019-03-29T00:28:34.043,,00:28:31.269,00:28:31.269,0,750,#N/A,#N/A,00:00:37,37.182,-1
pert-josh,M1@bmm,4564,433,8593,1,814,NULL,2814224,2814224,2814224,2814223,LIMIT,BUY,1,725,2019-03-29T00:28:34.023,2019-03-29T00:28:34.043,,00:28:34.023,00:28:34.023,1,750,725,-25,00:00:40,39.936,1
pert-josh,M6@bmm,4569,433,8593,1,814,NULL,2814225,2814225,2814225,2814227,LIMIT,BUY,1,725,2019-03-29T00:28:34.325,2019-03-29T00:28:34.680,,00:28:34.325,00:28:34.325,0,750,#N/A,#N/A,00:00:40,40.238,1
pert-josh,M2@bmm,4565,433,8593,1,814,NULL,2814227,2814226,2814226,2814225,LIMIT,SELL,1,725,2019-03-29T00:28:34.674,2019-03-29T00:28:34.680,,00:28:34.674,00:28:34.674,1,750,725,-25,00:00:41,40.587,-1
pert-josh,M6@bmm,4569,433,8593,1,814,NULL,2814229,2814229,2814229,2814213,LIMIT,BUY,1,735,2019-03-29T00:28:37.880,2019-03-29T00:28:37.888,,00:28:37.880,00:28:37.880,1,750,735,-15,00:00:44,43.793,1
pert-josh,M3@bmm,4566,433,8593,1,814,NULL,2814231,2814231,2814231,2814232,LIMIT,SELL,1,745,2019-03-29T00:28:40.225,2019-03-29T00:28:42.254,,00:28:40.225,00:28:40.225,0,750,#N/A,#N/A,00:00:46,46.138,-1
pert-josh,M6@bmm,4569,433,8593,1,814,NULL,2814232,2814232,2814232,2814231,LIMIT,BUY,1,745,2019-03-29T00:28:42.245,2019-03-29T00:28:42.253,,00:28:42.245,00:28:42.245,1,750,745,-5,00:00:48,48.158,1
pert-josh,M6@bmm,4569,433,8593,1,814,NULL,2814233,2814233,2814233,2814220,LIMIT,BUY,1,750,2019-03-29T00:28:44.085,2019-03-29T00:28:44.093,,00:28:44.085,00:28:44.085,1,750,750,0,00:00:50,49.998,1
pert-josh,M1@bmm,4564,433,8593,1,814,NULL,2814234,2814234,2814234,2814235,LIMIT,SELL,1,735,2019-03-29T00:28:44.221,2019-03-29T00:28:47.221,,00:28:44.221,00:28:44.221,0,750,#N/A,#N/A,00:00:50,50.134,-1
pert-josh,M4@bmm,4567,433,8593,1,814,NULL,2814235,2814235,2814235,2814234,LIMIT,BUY,1,735,2019-03-29T00:28:47.211,2019-03-29T00:28:47.221,,00:28:47.211,00:28:47.211,1,750,735,-15,00:00:53,53.124,1
pert-josh,M6@bmm,4569,433,8593,1,814,NULL,2814238,2814238,2814238,NULL,LIMIT,BUY,1,730,2019-03-29T00:28:56.719,2019-03-29T00:28:56.722,,00:28:56.719,00:28:56.719,0,750,#N/A,#N/A,00:01:03,62.632,1
pert-josh,M8@bmm,4571,433,8593,1,814,NULL,2814239,2814239,2814239,2814244,LIMIT,SELL,1,750,2019-03-29T00:28:58.519,2019-03-29T00:29:04.590,,00:28:58.519,00:28:58.519,0,750,#N/A,#N/A,00:01:04,64.432,-1
pert-josh,M6@bmm,4569,433,8593,1,814,NULL,2814244,2814244,2814244,2814239,LIMIT,BUY,1,750,2019-03-29T00:29:04.581,2019-03-29T00:29:04.590,,00:29:04.581,00:29:04.581,1,750,750,0,00:01:10,70.494,1
pert-josh,M3@bmm,4566,433,8593,1,814,NULL,2814247,2814247,2814247,NULL,LIMIT,BUY,1,670,2019-03-29T00:29:12.140,2019-03-29T00:29:12.143,,00:29:12.140,00:29:12.140,0,750,#N/A,#N/A,00:01:18,78.053,1
pert-josh,M6@bmm,4569,433,8593,1,814,NULL,2814248,2814248,2814248,NULL,LIMIT,BUY,1,700,2019-03-29T00:29:13.662,2019-03-29T00:29:13.669,,00:29:13.662,00:29:13.662,0,750,#N/A,#N/A,00:01:20,79.575,1
pert-josh,M2@bmm,4565,433,8593,1,814,NULL,2814251,2814251,2814251,NULL,LIMIT,SELL,1,790,2019-03-29T00:29:22.250,2019-03-29T00:29:22.254,,00:29:22.250,00:29:22.250,0,750,#N/A,#N/A,00:01:28,88.163,-1
pert-josh,M6@bmm,4569,433,8593,1,814,NULL,2814254,2814254,2814254,NULL,LIMIT,BUY,1,600,2019-03-29T00:29:24.157,2019-03-29T00:29:24.160,,00:29:24.157,00:29:24.157,0,750,#N/A,#N/A,00:01:30,90.07,1
pert-josh,M3@bmm,4566,433,8593,1,814,NULL,2814255,2814255,2814255,NULL,LIMIT,SELL,1,780,2019-03-29T00:29:27.292,2019-03-29T00:29:27.297,,00:29:27.292,00:29:27.292,0,750,#N/A,#N/A,00:01:33,93.205,-1
pert-josh,M1@bmm,4564,433,8593,1,814,NULL,2814257,2814257,2814257,2814266,LIMIT,SELL,1,770,2019-03-29T00:29:32.296,2019-03-29T00:29:47.942,,00:29:32.296,00:29:32.296,0,750,#N/A,#N/A,00:01:38,98.209,-1
pert-josh,M6@bmm,4569,433,8593,1,814,NULL,2814258,2814258,2814258,2814262,LIMIT,SELL,1,765,2019-03-29T00:29:35.141,2019-03-29T00:29:42.020,,00:29:35.141,00:29:35.141,0,750,#N/A,#N/A,00:01:41,101.054,-1
pert-josh,M6@bmm,4569,433,8593,1,814,NULL,2814260,2814260,2814260,NULL,LIMIT,SELL,1,800,2019-03-29T00:29:38.175,2019-03-29T00:29:38.178,,00:29:38.175,00:29:38.175,0,750,#N/A,#N/A,00:01:44,104.088,-1
pert-josh,M5@bmm,4568,433,8593,1,814,NULL,2814262,2814262,2814262,2814258,LIMIT,BUY,1,765,2019-03-29T00:29:42.012,2019-03-29T00:29:42.020,,00:29:42.012,00:29:42.012,1,750,765,15,00:01:48,107.925,1
pert-josh,M8@bmm,4571,433,8593,1,814,NULL,2814265,2814265,2814265,2814269,LIMIT,SELL,1,775,2019-03-29T00:29:47.325,2019-03-29T00:29:50.071,,00:29:47.325,00:29:47.325,0,750,#N/A,#N/A,00:01:53,113.238,-1
pert-josh,M6@bmm,4569,433,8593,1,814,NULL,2814266,2814266,2814266,2814257,LIMIT,BUY,1,770,2019-03-29T00:29:47.933,2019-03-29T00:29:47.941,,00:29:47.933,00:29:47.933,1,750,770,20,00:01:54,113.846,1
pert-josh,M7@bmm,4570,433,8593,1,814,NULL,2814267,2814267,2814267,NULL,LIMIT,BUY,1,655,2019-03-29T00:29:48.831,2019-03-29T00:29:48.835,,00:29:48.831,00:29:48.831,0,750,#N/A,#N/A,00:01:55,114.744,1
pert-josh,M6@bmm,4569,433,8593,1,814,NULL,2814269,2814269,2814269,2814265,LIMIT,BUY,1,775,2019-03-29T00:29:50.063,2019-03-29T00:29:50.070,,00:29:50.063,00:29:50.063,1,750,775,25,00:01:56,115.976,1
pert-josh,M6@bmm,4569,433,8593,1,814,NULL,2814272,2814272,2814272,NULL,LIMIT,SELL,1,805,2019-03-29T00:29:55.558,2019-03-29T00:29:55.562,,00:29:55.558,00:29:55.558,0,750,#N/A,#N/A,00:02:01,121.471,-1
pert-josh,M6@bmm,4569,433,8593,1,814,NULL,2814274,2814274,2814274,NULL,LIMIT,SELL,1,800,2019-03-29T00:29:57.071,2019-03-29T00:29:57.074,,00:29:57.071,00:29:57.071,0,750,#N/A,#N/A,00:02:03,122.984,-1
pert-josh,M6@bmm,4569,433,8593,1,814,NULL,2814278,2814278,2814278,NULL,LIMIT,SELL,1,800,2019-03-29T00:30:04.054,2019-03-29T00:30:04.058,,00:30:04.054,00:30:04.054,0,750,#N/A,#N/A,00:02:10,129.967,-1
pert-josh,M3@bmm,4566,433,8593,1,814,NULL,2814279,2814279,2814279,2814282,LIMIT,BUY,1,760,2019-03-29T00:30:04.830,2019-03-29T00:30:15.318,,00:30:04.830,00:30:04.830,0,750,#N/A,#N/A,00:02:11,130.743,1
pert-josh,M7@bmm,4570,433,8593,1,814,NULL,2814280,2814280,2814280,NULL,LIMIT,SELL,1,795,2019-03-29T00:30:08.385,2019-03-29T00:30:08.389,,00:30:08.385,00:30:08.385,0,750,#N/A,#N/A,00:02:14,134.298,-1
pert-josh,M5@bmm,4568,433,8593,1,814,NULL,2814281,2814281,2814281,2814294,LIMIT,SELL,1,775,2019-03-29T00:30:11.628,2019-03-29T00:30:53.035,,00:30:11.628,00:30:11.628,0,750,#N/A,#N/A,00:02:18,137.541,-1
pert-josh,M4@bmm,4567,433,8593,1,814,NULL,2814282,2814282,2814282,2814279,LIMIT,SELL,1,760,2019-03-29T00:30:15.308,2019-03-29T00:30:15.317,,00:30:15.308,00:30:15.308,1,750,760,10,00:02:21,141.221,-1
pert-josh,M8@bmm,4571,433,8593,1,814,NULL,2814283,2814283,2814283,2814295,LIMIT,SELL,1,775,2019-03-29T00:30:15.640,2019-03-29T00:30:55.585,,00:30:15.640,00:30:15.640,0,750,#N/A,#N/A,00:02:22,141.553,-1
pert-josh,M7@bmm,4570,433,8593,1,814,NULL,2814284,2814284,2814284,NULL,LIMIT,SELL,1,805,2019-03-29T00:30:20.240,2019-03-29T00:30:20.244,,00:30:20.240,00:30:20.240,0,750,#N/A,#N/A,00:02:26,146.153,-1
pert-josh,M2@bmm,4565,433,8593,1,814,NULL,2814285,2814285,2814285,2814287,LIMIT,BUY,1,760,2019-03-29T00:30:23.655,2019-03-29T00:30:29.972,,00:30:23.655,00:30:23.655,0,750,#N/A,#N/A,00:02:30,149.568,1
pert-josh,M4@bmm,4567,433,8593,1,814,NULL,2814287,2814287,2814287,2814285,LIMIT,SELL,1,760,2019-03-29T00:30:29.961,2019-03-29T00:30:29.972,,00:30:29.961,00:30:29.961,1,750,760,10,00:02:36,155.874,-1
pert-josh,M2@bmm,4565,433,8593,1,814,NULL,2814290,2814290,2814290,NULL,LIMIT,SELL,1,780,2019-03-29T00:30:39.944,2019-03-29T00:30:39.947,,00:30:39.944,00:30:39.944,0,750,#N/A,#N/A,00:02:46,165.857,-1
pert-josh,M7@bmm,4570,433,8593,1,814,NULL,2814291,2814291,2814291,NULL,LIMIT,BUY,1,735,2019-03-29T00:30:44.166,2019-03-29T00:30:44.170,,00:30:44.166,00:30:44.166,0,750,#N/A,#N/A,00:02:50,170.079,1
pert-josh,M3@bmm,4566,433,8593,1,814,NULL,2814292,2814292,2814292,2814293,LIMIT,SELL,1,760,2019-03-29T00:30:45.179,2019-03-29T00:30:49.419,,00:30:45.179,00:30:45.179,0,750,#N/A,#N/A,00:02:51,171.092,-1
pert-josh,M4@bmm,4567,433,8593,1,814,NULL,2814293,2814293,2814293,2814292,LIMIT,BUY,1,760,2019-03-29T00:30:49.410,2019-03-29T00:30:49.418,,00:30:49.410,00:30:49.410,1,750,760,10,00:02:55,175.323,1
pert-josh,M4@bmm,4567,433,8593,1,814,NULL,2814294,2814294,2814294,2814281,LIMIT,BUY,1,775,2019-03-29T00:30:53.026,2019-03-29T00:30:53.035,,00:30:53.026,00:30:53.026,1,750,775,25,00:02:59,178.939,1
pert-josh,M4@bmm,4567,433,8593,1,814,NULL,2814295,2814295,2814295,2814283,LIMIT,BUY,1,775,2019-03-29T00:30:55.578,2019-03-29T00:30:55.585,,00:30:55.578,00:30:55.578,1,750,775,25,00:03:01,181.491,1
pert-josh,M1@bmm,4564,433,8593,1,814,NULL,2814298,2814298,2814298,2814303,LIMIT,SELL,1,770,2019-03-29T00:30:58.224,2019-03-29T00:31:06.149,,00:30:58.224,00:30:58.224,0,750,#N/A,#N/A,00:03:04,184.137,-1
pert-josh,M5@bmm,4568,433,8593,1,814,NULL,2814299,2814299,2814299,2814322,LIMIT,SELL,1,775,2019-03-29T00:31:03.281,2019-03-29T00:31:52.583,,00:31:03.281,00:31:03.281,0,750,#N/A,#N/A,00:03:09,189.194,-1
pert-josh,M6@bmm,4569,433,8593,1,814,NULL,2814300,2814300,2814300,2814302,LIMIT,SELL,1,765,2019-03-29T00:31:03.605,2019-03-29T00:31:04.409,,00:31:03.605,00:31:03.605,0,750,#N/A,#N/A,00:03:10,189.518,-1
pert-josh,M4@bmm,4567,433,8593,1,814,NULL,2814302,2814301,2814301,2814300,LIMIT,BUY,1,765,2019-03-29T00:31:04.403,2019-03-29T00:31:04.409,,00:31:04.403,00:31:04.403,1,750,765,15,00:03:10,190.316,1
pert-josh,M4@bmm,4567,433,8593,1,814,NULL,2814303,2814303,2814303,2814298,LIMIT,BUY,1,770,2019-03-29T00:31:06.139,2019-03-29T00:31:06.149,,00:31:06.139,00:31:06.139,1,750,770,20,00:03:12,192.052,1
pert-josh,M3@bmm,4566,433,8593,1,814,NULL,2814304,2814304,2814304,NULL,LIMIT,SELL,1,810,2019-03-29T00:31:13.348,2019-03-29T00:31:13.351,,00:31:13.348,00:31:13.348,0,750,#N/A,#N/A,00:03:19,199.261,-1
pert-josh,M4@bmm,4567,433,8593,1,814,NULL,2814306,2814306,2814306,2814313,LIMIT,BUY,1,765,2019-03-29T00:31:17.075,2019-03-29T00:31:30.894,,00:31:17.075,00:31:17.075,0,750,#N/A,#N/A,00:03:23,202.988,1
pert-josh,M8@bmm,4571,433,8593,1,814,NULL,2814309,2814309,2814309,2814311,LIMIT,BUY,1,770,2019-03-29T00:31:22.041,2019-03-29T00:31:22.159,,00:31:22.041,00:31:22.041,0,750,#N/A,#N/A,00:03:28,207.954,1
pert-josh,M1@bmm,4564,433,8593,1,814,NULL,2814311,2814310,2814310,2814309,LIMIT,SELL,1,770,2019-03-29T00:31:22.153,2019-03-29T00:31:22.159,,00:31:22.153,00:31:22.153,1,750,770,20,00:03:28,208.066,-1
pert-josh,M1@bmm,4564,433,8593,1,814,NULL,2814313,2814313,2814313,2814306,LIMIT,SELL,1,765,2019-03-29T00:31:30.885,2019-03-29T00:31:30.894,,00:31:30.885,00:31:30.885,1,750,765,15,00:03:37,216.798,-1
pert-josh,M8@bmm,4571,433,8593,1,814,NULL,2814316,2814316,2814316,NULL,LIMIT,SELL,1,785,2019-03-29T00:31:38.424,2019-03-29T00:31:38.428,,00:31:38.424,00:31:38.424,0,750,#N/A,#N/A,00:03:44,224.337,-1
pert-josh,M3@bmm,4566,433,8593,1,814,NULL,2814317,2814317,2814317,NULL,LIMIT,BUY,1,730,2019-03-29T00:31:39.644,2019-03-29T00:31:39.648,,00:31:39.644,00:31:39.644,0,750,#N/A,#N/A,00:03:46,225.557,1
pert-josh,M2@bmm,4565,433,8593,1,814,NULL,2814319,2814319,2814319,NULL,LIMIT,BUY,1,765,2019-03-29T00:31:46.033,2019-03-29T00:31:46.037,,00:31:46.033,00:31:46.033,0,750,#N/A,#N/A,00:03:52,231.946,1
pert-josh,M6@bmm,4569,433,8593,1,814,NULL,2814322,2814322,2814322,2814299,LIMIT,BUY,1,775,2019-03-29T00:31:52.576,2019-03-29T00:31:52.583,,00:31:52.576,00:31:52.576,1,750,775,25,00:03:58,238.489,1
pert-josh,M3@bmm,4566,433,8593,1,814,NULL,2814324,2814324,2814324,NULL,LIMIT,SELL,1,800,2019-03-29T00:31:54.475,2019-03-29T00:31:54.480,,00:31:54.475,00:31:54.475,0,750,#N/A,#N/A,00:04:00,240.388,-1
pert-josh,M5@bmm,4568,433,8593,1,814,NULL,2814326,2814326,2814326,NULL,LIMIT,SELL,1,780,2019-03-29T00:31:57.190,2019-03-29T00:31:57.193,,00:31:57.190,00:31:57.190,0,750,#N/A,#N/A,00:04:03,243.103,-1
pert-josh,M2@bmm,4565,433,8593,1,814,NULL,2814327,2814327,2814327,NULL,LIMIT,SELL,1,780,2019-03-29T00:31:58.016,2019-03-29T00:31:58.019,,00:31:58.016,00:31:58.016,0,750,#N/A,#N/A,00:04:04,243.929,-1
pert-josh,M4@bmm,4567,433,8593,1,814,NULL,2814331,2814331,2814331,NULL,LIMIT,BUY,1,765,2019-03-29T00:32:03.628,2019-03-29T00:32:03.631,,00:32:03.628,00:32:03.628,0,750,#N/A,#N/A,00:04:10,249.541,1
pert-josh,M7@bmm,4570,433,8593,1,814,NULL,2814332,2814332,2814332,2814342,LIMIT,SELL,1,775,2019-03-29T00:32:03.832,2019-03-29T00:32:30.190,,00:32:03.832,00:32:03.832,0,750,#N/A,#N/A,00:04:10,249.745,-1
pert-josh,M6@bmm,4569,433,8593,1,814,NULL,2814333,2814333,2814333,NULL,LIMIT,SELL,1,800,2019-03-29T00:32:09.113,2019-03-29T00:32:09.117,,00:32:09.113,00:32:09.113,0,750,#N/A,#N/A,00:04:15,255.026,-1
pert-josh,M3@bmm,4566,433,8593,1,814,NULL,2814334,2814334,2814334,NULL,LIMIT,BUY,1,700,2019-03-29T00:32:11.204,2019-03-29T00:32:11.208,,00:32:11.204,00:32:11.204,0,750,#N/A,#N/A,00:04:17,257.117,1
pert-josh,M8@bmm,4571,433,8593,1,814,NULL,2814335,2814335,2814335,2814343,LIMIT,SELL,1,775,2019-03-29T00:32:11.409,2019-03-29T00:32:31.754,,00:32:11.409,00:32:11.409,0,750,#N/A,#N/A,00:04:17,257.322,-1
pert-josh,M6@bmm,4569,433,8593,1,814,NULL,2814336,2814336,2814336,NULL,LIMIT,SELL,1,780,2019-03-29T00:32:12.577,2019-03-29T00:32:12.581,,00:32:12.577,00:32:12.577,0,750,#N/A,#N/A,00:04:18,258.49,-1
pert-josh,M3@bmm,4566,433,8593,1,814,NULL,2814339,2814339,2814339,NULL,LIMIT,SELL,1,815,2019-03-29T00:32:24.141,2019-03-29T00:32:24.144,,00:32:24.141,00:32:24.141,0,750,#N/A,#N/A,00:04:30,270.054,-1
pert-josh,M6@bmm,4569,433,8593,1,814,NULL,2814340,2814340,2814340,2814341,LIMIT,BUY,1,770,2019-03-29T00:32:25.632,2019-03-29T00:32:26.629,,00:32:25.632,00:32:25.632,0,750,#N/A,#N/A,00:04:32,271.545,1
pert-josh,M5@bmm,4568,433,8593,1,814,NULL,2814341,2814341,2814341,2814340,LIMIT,SELL,1,770,2019-03-29T00:32:26.621,2019-03-29T00:32:26.629,,00:32:26.621,00:32:26.621,1,750,770,20,00:04:33,272.534,-1
pert-josh,M4@bmm,4567,433,8593,1,814,NULL,2814342,2814342,2814342,2814332,LIMIT,BUY,1,775,2019-03-29T00:32:30.181,2019-03-29T00:32:30.190,,00:32:30.181,00:32:30.181,1,750,775,25,00:04:36,276.094,1
pert-josh,M4@bmm,4567,433,8593,1,814,NULL,2814343,2814343,2814343,2814335,LIMIT,BUY,1,775,2019-03-29T00:32:31.746,2019-03-29T00:32:31.754,,00:32:31.746,00:32:31.746,1,750,775,25,00:04:38,277.659,1
pert-josh,M5@bmm,4568,433,8593,1,814,NULL,2814344,2814344,2814344,2814347,LIMIT,SELL,1,775,2019-03-29T00:32:35.333,2019-03-29T00:32:39.176,,00:32:35.333,00:32:35.333,0,750,#N/A,#N/A,00:04:41,281.246,-1
pert-josh,M8@bmm,4571,433,8593,1,814,NULL,2814346,2814346,2814346,NULL,LIMIT,BUY,1,770,2019-03-29T00:32:37.959,2019-03-29T00:32:37.964,,00:32:37.959,00:32:37.959,0,750,#N/A,#N/A,00:04:44,283.872,1
pert-josh,M6@bmm,4569,433,8593,1,814,NULL,2814347,2814347,2814347,2814344,LIMIT,BUY,1,775,2019-03-29T00:32:39.168,2019-03-29T00:32:39.175,,00:32:39.168,00:32:39.168,1,750,775,25,00:04:45,285.081,1
pert-josh,M7@bmm,4570,433,8594,2,814,NULL,2814349,2814349,2814349,NULL,LIMIT,SELL,1,825,2019-03-29T00:33:09.469,2019-03-29T00:33:09.474,,00:33:09.469,00:33:09.469,0,700,#N/A,#N/A,00:05:15,315.382,-1
pert-josh,M5@bmm,4568,433,8594,2,814,NULL,2814350,2814350,2814350,2814354,LIMIT,SELL,1,725,2019-03-29T00:33:13.478,2019-03-29T00:33:22.686,,00:33:13.478,00:33:13.478,0,700,#N/A,#N/A,00:05:19,319.391,-1
pert-josh,M2@bmm,4565,433,8594,2,814,NULL,2814352,2814352,2814352,2814399,LIMIT,BUY,1,700,2019-03-29T00:33:20.187,2019-03-29T00:35:02.990,,00:33:20.187,00:33:20.187,0,700,#N/A,#N/A,00:05:26,326.1,1
pert-josh,M6@bmm,4569,433,8594,2,814,NULL,2814353,2814353,2814353,NULL,LIMIT,SELL,1,800,2019-03-29T00:33:21.610,2019-03-29T00:33:21.613,,00:33:21.610,00:33:21.610,0,700,#N/A,#N/A,00:05:28,327.523,-1
pert-josh,M1@bmm,4564,433,8594,2,814,NULL,2814354,2814354,2814354,2814350,LIMIT,BUY,1,725,2019-03-29T00:33:22.674,2019-03-29T00:33:22.685,,00:33:22.674,00:33:22.674,1,700,725,25,00:05:29,328.587,1
pert-josh,M5@bmm,4568,433,8594,2,814,NULL,2814355,2814355,2814355,2814365,LIMIT,SELL,1,735,2019-03-29T00:33:25.318,2019-03-29T00:33:49.883,,00:33:25.318,00:33:25.318,0,700,#N/A,#N/A,00:05:31,331.231,-1
pert-josh,M6@bmm,4569,433,8594,2,814,NULL,2814357,2814357,2814357,NULL,LIMIT,SELL,1,820,2019-03-29T00:33:32.775,2019-03-29T00:33:32.778,,00:33:32.775,00:33:32.775,0,700,#N/A,#N/A,00:05:39,338.688,-1
pert-josh,M8@bmm,4571,433,8594,2,814,NULL,2814358,2814358,2814358,2814359,LIMIT,SELL,1,730,2019-03-29T00:33:35.690,2019-03-29T00:33:38.739,,00:33:35.690,00:33:35.690,0,700,#N/A,#N/A,00:05:42,341.603,-1
pert-josh,M1@bmm,4564,433,8594,2,814,NULL,2814359,2814359,2814359,2814358,LIMIT,BUY,1,730,2019-03-29T00:33:38.730,2019-03-29T00:33:38.738,,00:33:38.730,00:33:38.730,1,700,730,30,00:05:45,344.643,1
pert-josh,M2@bmm,4565,433,8594,2,814,NULL,2814361,2814361,2814361,NULL,LIMIT,SELL,1,780,2019-03-29T00:33:42.644,2019-03-29T00:33:42.648,,00:33:42.644,00:33:42.644,0,700,#N/A,#N/A,00:05:49,348.557,-1
pert-josh,M6@bmm,4569,433,8594,2,814,NULL,2814365,2814365,2814365,2814355,LIMIT,BUY,1,735,2019-03-29T00:33:49.875,2019-03-29T00:33:49.883,,00:33:49.875,00:33:49.875,1,700,735,35,00:05:56,355.788,1
pert-josh,M4@bmm,4567,433,8594,2,814,NULL,2814373,2814373,2814373,2814376,LIMIT,SELL,1,720,2019-03-29T00:34:13.796,2019-03-29T00:34:19.813,,00:34:13.796,00:34:13.796,0,700,#N/A,#N/A,00:06:20,379.709,-1
pert-josh,M1@bmm,4564,433,8594,2,814,NULL,2814376,2814375,2814375,2814373,LIMIT,BUY,1,720,2019-03-29T00:34:19.804,2019-03-29T00:34:19.813,,00:34:19.804,00:34:19.804,1,700,720,20,00:06:26,385.717,1
pert-josh,M1@bmm,4564,433,8594,2,814,NULL,2814377,2814375,2814375,2814381,LIMIT,BUY,1,720,2019-03-29T00:34:19.794,2019-03-29T00:34:31.258,,00:34:19.794,00:34:19.794,0,700,#N/A,#N/A,00:06:26,385.707,1
pert-josh,M5@bmm,4568,433,8594,2,814,NULL,2814380,2814380,2814380,2814383,LIMIT,SELL,1,725,2019-03-29T00:34:29.543,2019-03-29T00:34:33.329,,00:34:29.543,00:34:29.543,0,700,#N/A,#N/A,00:06:35,395.456,-1
pert-josh,M4@bmm,4567,433,8594,2,814,NULL,2814381,2814381,2814381,2814377,LIMIT,SELL,1,720,2019-03-29T00:34:31.250,2019-03-29T00:34:31.258,,00:34:31.250,00:34:31.250,1,700,720,20,00:06:37,397.163,-1
pert-josh,M8@bmm,4571,433,8594,2,814,NULL,2814383,2814383,2814383,2814380,LIMIT,BUY,1,725,2019-03-29T00:34:33.321,2019-03-29T00:34:33.328,,00:34:33.321,00:34:33.321,1,700,725,25,00:06:39,399.234,1
pert-josh,M3@bmm,4566,433,8594,2,814,NULL,2814384,2814384,2814384,NULL,LIMIT,SELL,1,815,2019-03-29T00:34:33.487,2019-03-29T00:34:33.491,,00:34:33.487,00:34:33.487,0,700,#N/A,#N/A,00:06:39,399.4,-1
pert-josh,M7@bmm,4570,433,8594,2,814,NULL,2814392,2814392,2814392,NULL,LIMIT,SELL,1,755,2019-03-29T00:34:53.323,2019-03-29T00:34:53.333,,00:34:53.323,00:34:53.323,0,700,#N/A,#N/A,00:06:59,419.236,-1
pert-josh,M3@bmm,4566,433,8594,2,814,NULL,2814393,2814393,2814393,NULL,LIMIT,SELL,1,820,2019-03-29T00:34:53.448,2019-03-29T00:34:53.451,,00:34:53.448,00:34:53.448,0,700,#N/A,#N/A,00:06:59,419.361,-1
pert-josh,M7@bmm,4570,433,8594,2,814,NULL,2814399,2814398,2814398,2814352,LIMIT,SELL,1,700,2019-03-29T00:35:02.985,2019-03-29T00:35:02.990,,00:35:02.985,00:35:02.985,1,700,700,0,00:07:09,428.898,-1
pert-josh,M4@bmm,4567,433,8594,2,814,NULL,2814400,2814400,2814400,2814453,LIMIT,BUY,1,700,2019-03-29T00:35:05.837,2019-03-29T00:36:53.421,,00:35:05.837,00:35:05.837,0,700,#N/A,#N/A,00:07:12,431.75,1
pert-josh,M6@bmm,4569,433,8594,2,814,NULL,2814401,2814401,2814401,2814404,LIMIT,SELL,1,715,2019-03-29T00:35:11.314,2019-03-29T00:35:14.546,,00:35:11.314,00:35:11.314,0,700,#N/A,#N/A,00:07:17,437.227,-1
pert-josh,M6@bmm,4569,433,8594,2,814,NULL,2814402,2814402,2814402,2814423,LIMIT,SELL,1,715,2019-03-29T00:35:12.951,2019-03-29T00:35:39.994,,00:35:12.951,00:35:12.951,0,700,#N/A,#N/A,00:07:19,438.864,-1
pert-josh,M8@bmm,4571,433,8594,2,814,NULL,2814404,2814404,2814404,2814401,LIMIT,BUY,1,715,2019-03-29T00:35:14.537,2019-03-29T00:35:14.545,,00:35:14.537,00:35:14.537,1,700,715,15,00:07:20,440.45,1
pert-josh,M4@bmm,4567,433,8594,2,814,NULL,2814406,2814406,2814406,2814424,LIMIT,BUY,1,710,2019-03-29T00:35:16.141,2019-03-29T00:35:41.346,,00:35:16.141,00:35:16.141,0,700,#N/A,#N/A,00:07:22,442.054,1
pert-josh,M6@bmm,4569,433,8594,2,814,NULL,2814407,2814407,2814407,NULL,LIMIT,SELL,1,715,2019-03-29T00:35:16.545,2019-03-29T00:35:16.548,,00:35:16.545,00:35:16.545,0,700,#N/A,#N/A,00:07:22,442.458,-1
pert-josh,M4@bmm,4567,433,8594,2,814,NULL,2814412,2814412,2814412,2814428,LIMIT,BUY,1,710,2019-03-29T00:35:24.244,2019-03-29T00:35:43.383,,00:35:24.244,00:35:24.244,0,700,#N/A,#N/A,00:07:30,450.157,1
pert-josh,M2@bmm,4565,433,8594,2,814,NULL,2814414,2814414,2814414,NULL,LIMIT,SELL,1,720,2019-03-29T00:35:25.647,2019-03-29T00:35:25.650,,00:35:25.647,00:35:25.647,0,700,#N/A,#N/A,00:07:32,451.56,-1
pert-josh,M3@bmm,4566,433,8594,2,814,NULL,2814418,2814418,2814418,NULL,LIMIT,SELL,1,720,2019-03-29T00:35:32.176,2019-03-29T00:35:32.180,,00:35:32.176,00:35:32.176,0,700,#N/A,#N/A,00:07:38,458.089,-1
pert-josh,M5@bmm,4568,433,8594,2,814,NULL,2814422,2814422,2814422,NULL,LIMIT,SELL,1,715,2019-03-29T00:35:37.485,2019-03-29T00:35:37.491,,00:35:37.485,00:35:37.485,0,700,#N/A,#N/A,00:07:43,463.398,-1
pert-josh,M1@bmm,4564,433,8594,2,814,NULL,2814423,2814423,2814423,2814402,LIMIT,BUY,1,715,2019-03-29T00:35:39.985,2019-03-29T00:35:39.994,,00:35:39.985,00:35:39.985,1,700,715,15,00:07:46,465.898,1
pert-josh,M6@bmm,4569,433,8594,2,814,NULL,2814424,2814424,2814424,2814406,LIMIT,SELL,1,710,2019-03-29T00:35:41.337,2019-03-29T00:35:41.346,,00:35:41.337,00:35:41.337,1,700,710,10,00:07:47,467.25,-1
pert-josh,M8@bmm,4571,433,8594,2,814,NULL,2814427,2814427,2814427,NULL,LIMIT,SELL,1,720,2019-03-29T00:35:43.017,2019-03-29T00:35:43.021,,00:35:43.017,00:35:43.017,0,700,#N/A,#N/A,00:07:49,468.93,-1
pert-josh,M6@bmm,4569,433,8594,2,814,NULL,2814428,2814428,2814428,2814412,LIMIT,SELL,1,710,2019-03-29T00:35:43.376,2019-03-29T00:35:43.383,,00:35:43.376,00:35:43.376,1,700,710,10,00:07:49,469.289,-1
pert-josh,M8@bmm,4571,433,8594,2,814,NULL,2814430,2814430,2814430,2814452,LIMIT,BUY,1,705,2019-03-29T00:35:51.177,2019-03-29T00:36:53.421,,00:35:51.177,00:35:51.177,0,700,#N/A,#N/A,00:07:57,477.09,1
pert-josh,M2@bmm,4565,433,8594,2,814,NULL,2814433,2814433,2814433,2814456,LIMIT,BUY,1,700,2019-03-29T00:35:58.151,2019-03-29T00:37:00.234,,00:35:58.151,00:35:58.151,0,700,#N/A,#N/A,00:08:04,484.064,1
pert-josh,M3@bmm,4566,433,8594,2,814,NULL,2814434,2814434,2814434,NULL,LIMIT,SELL,1,775,2019-03-29T00:36:02.666,2019-03-29T00:36:02.670,,00:36:02.666,00:36:02.666,0,700,#N/A,#N/A,00:08:09,488.579,-1
pert-josh,M6@bmm,4569,433,8594,2,814,NULL,2814436,2814436,2814436,2814441,LIMIT,SELL,1,710,2019-03-29T00:36:07.353,2019-03-29T00:36:17.545,,00:36:07.353,00:36:07.353,0,700,#N/A,#N/A,00:08:13,493.266,-1
pert-josh,M2@bmm,4565,433,8594,2,814,NULL,2814438,2814438,2814438,NULL,LIMIT,SELL,1,710,2019-03-29T00:36:12.471,2019-03-29T00:36:12.475,,00:36:12.471,00:36:12.471,0,700,#N/A,#N/A,00:08:18,498.384,-1
pert-josh,M6@bmm,4569,433,8594,2,814,NULL,2814439,2814439,2814439,NULL,LIMIT,SELL,1,725,2019-03-29T00:36:15.946,2019-03-29T00:36:15.949,,00:36:15.946,00:36:15.946,0,700,#N/A,#N/A,00:08:22,501.859,-1
pert-josh,M7@bmm,4570,433,8594,2,814,NULL,2814441,2814440,2814440,2814436,LIMIT,BUY,1,710,2019-03-29T00:36:17.540,2019-03-29T00:36:17.545,,00:36:17.540,00:36:17.540,1,700,710,10,00:08:23,503.453,1
pert-josh,M4@bmm,4567,433,8594,2,814,NULL,2814443,2814443,2814443,2814457,LIMIT,BUY,1,700,2019-03-29T00:36:21.518,2019-03-29T00:37:00.234,,00:36:21.518,00:36:21.518,0,700,#N/A,#N/A,00:08:27,507.431,1
pert-josh,M8@bmm,4571,433,8594,2,814,NULL,2814444,2814444,2814444,NULL,LIMIT,SELL,1,710,2019-03-29T00:36:24.329,2019-03-29T00:36:24.332,,00:36:24.329,00:36:24.329,0,700,#N/A,#N/A,00:08:30,510.242,-1
pert-josh,M4@bmm,4567,433,8594,2,814,NULL,2814446,2814446,2814446,2814461,LIMIT,BUY,1,700,2019-03-29T00:36:28.711,2019-03-29T00:37:09.357,,00:36:28.711,00:36:28.711,0,700,#N/A,#N/A,00:08:35,514.624,1
pert-josh,M6@bmm,4569,433,8594,2,814,NULL,2814448,2814448,2814448,NULL,LIMIT,SELL,1,710,2019-03-29T00:36:30.320,2019-03-29T00:36:30.324,,00:36:30.320,00:36:30.320,0,700,#N/A,#N/A,00:08:36,516.233,-1
pert-josh,M3@bmm,4566,433,8594,2,814,NULL,2814449,2814449,2814449,NULL,LIMIT,SELL,1,755,2019-03-29T00:36:40.668,2019-03-29T00:36:40.671,,00:36:40.668,00:36:40.668,0,700,#N/A,#N/A,00:08:47,526.581,-1
pert-josh,M3@bmm,4566,433,8594,2,814,NULL,2814450,2814450,2814450,2814462,LIMIT,BUY,1,700,2019-03-29T00:36:53.123,2019-03-29T00:37:09.357,,00:36:53.123,00:36:53.123,0,700,#N/A,#N/A,00:08:59,539.036,1
pert-josh,M6@bmm,4569,433,8594,2,814,NULL,2814452,2814451,2814451,2814430,LIMIT,SELL,1,705,2019-03-29T00:36:53.411,2019-03-29T00:36:53.421,,00:36:53.411,00:36:53.411,1,700,705,5,00:08:59,539.324,-1
pert-josh,M6@bmm,4569,433,8594,2,814,NULL,2814453,2814451,2814451,2814400,LIMIT,SELL,1,700,2019-03-29T00:36:53.417,2019-03-29T00:36:53.422,,00:36:53.417,00:36:53.417,1,700,700,0,00:08:59,539.33,-1
pert-josh,M6@bmm,4569,433,8594,2,814,NULL,2814456,2814455,2814455,2814433,LIMIT,SELL,1,700,2019-03-29T00:37:00.224,2019-03-29T00:37:00.234,,00:37:00.224,00:37:00.224,1,700,700,0,00:09:06,546.137,-1
pert-josh,M6@bmm,4569,433,8594,2,814,NULL,2814457,2814455,2814455,2814443,LIMIT,SELL,1,700,2019-03-29T00:37:00.229,2019-03-29T00:37:00.234,,00:37:00.229,00:37:00.229,1,700,700,0,00:09:06,546.142,-1
pert-josh,M6@bmm,4569,433,8594,2,814,NULL,2814461,2814460,2814460,2814446,LIMIT,SELL,1,700,2019-03-29T00:37:09.346,2019-03-29T00:37:09.357,,00:37:09.346,00:37:09.346,1,700,700,0,00:09:15,555.259,-1
pert-josh,M6@bmm,4569,433,8594,2,814,NULL,2814462,2814460,2814460,2814450,LIMIT,SELL,1,700,2019-03-29T00:37:09.352,2019-03-29T00:37:09.357,,00:37:09.352,00:37:09.352,1,700,700,0,00:09:15,555.265,-1
pert-josh,M8@bmm,4571,433,8594,2,814,NULL,2814463,2814463,2814463,2814478,LIMIT,BUY,1,700,2019-03-29T00:37:10.841,2019-03-29T00:37:46.925,,00:37:10.841,00:37:10.841,0,700,#N/A,#N/A,00:09:17,556.754,1
pert-josh,M4@bmm,4567,433,8594,2,814,NULL,2814466,2814466,2814466,2814479,LIMIT,BUY,1,700,2019-03-29T00:37:17.240,2019-03-29T00:37:46.925,,00:37:17.240,00:37:17.240,0,700,#N/A,#N/A,00:09:23,563.153,1
pert-josh,M5@bmm,4568,433,8594,2,814,NULL,2814467,2814467,2814467,NULL,LIMIT,BUY,1,695,2019-03-29T00:37:18.545,2019-03-29T00:37:18.548,,00:37:18.545,00:37:18.545,0,700,#N/A,#N/A,00:09:24,564.458,1
pert-josh,M7@bmm,4570,433,8594,2,814,NULL,2814469,2814469,2814469,NULL,LIMIT,BUY,1,680,2019-03-29T00:37:22.818,2019-03-29T00:37:22.821,,00:37:22.818,00:37:22.818,0,700,#N/A,#N/A,00:09:29,568.731,1
pert-josh,M3@bmm,4566,433,8594,2,814,NULL,2814470,2814470,2814470,NULL,LIMIT,SELL,1,745,2019-03-29T00:37:26.044,2019-03-29T00:37:26.048,,00:37:26.044,00:37:26.044,0,700,#N/A,#N/A,00:09:32,571.957,-1
pert-josh,M5@bmm,4568,433,8594,2,814,NULL,2814472,2814472,2814472,NULL,LIMIT,BUY,1,695,2019-03-29T00:37:27.972,2019-03-29T00:37:27.975,,00:37:27.972,00:37:27.972,0,700,#N/A,#N/A,00:09:34,573.885,1
pert-josh,M6@bmm,4569,433,8594,2,814,NULL,2814478,2814477,2814477,2814463,LIMIT,SELL,1,700,2019-03-29T00:37:46.914,2019-03-29T00:37:46.925,,00:37:46.914,00:37:46.914,1,700,700,0,00:09:53,592.827,-1
pert-josh,M6@bmm,4569,433,8594,2,814,NULL,2814479,2814477,2814477,2814466,LIMIT,SELL,1,700,2019-03-29T00:37:46.920,2019-03-29T00:37:46.925,,00:37:46.920,00:37:46.920,1,700,700,0,00:09:53,592.833,-1
pert-josh,M4@bmm,4567,433,8594,2,814,NULL,2814481,2814481,2814481,NULL,LIMIT,SELL,1,705,2019-03-29T00:37:55.794,2019-03-29T00:37:55.797,,00:37:55.794,00:37:55.794,0,700,#N/A,#N/A,00:10:02,601.707,-1
pert-josh,M5@bmm,4568,433,8595,3,814,NULL,2814483,2814483,2814483,2814488,LIMIT,SELL,1,680,2019-03-29T00:38:24.868,2019-03-29T00:38:32.020,,00:38:24.868,00:38:24.868,0,650,#N/A,#N/A,00:10:31,630.781,-1
pert-josh,M4@bmm,4567,433,8595,3,814,NULL,2814488,2814487,2814487,2814483,LIMIT,BUY,1,680,2019-03-29T00:38:32.011,2019-03-29T00:38:32.020,,00:38:32.011,00:38:32.011,1,650,680,30,00:10:38,637.924,1
pert-josh,M4@bmm,4567,433,8595,3,814,NULL,2814492,2814492,2814492,2814494,LIMIT,BUY,1,640,2019-03-29T00:38:43.017,2019-03-29T00:38:48.944,,00:38:43.017,00:38:43.017,0,650,#N/A,#N/A,00:10:49,648.93,1
pert-josh,M6@bmm,4569,433,8595,3,814,NULL,2814494,2814494,2814494,2814492,LIMIT,SELL,1,640,2019-03-29T00:38:48.936,2019-03-29T00:38:48.944,,00:38:48.936,00:38:48.936,1,650,640,-10,00:10:55,654.849,-1
pert-josh,M5@bmm,4568,433,8595,3,814,NULL,2814497,2814497,2814497,2814498,LIMIT,BUY,1,640,2019-03-29T00:38:52.967,2019-03-29T00:38:57.460,,00:38:52.967,00:38:52.967,0,650,#N/A,#N/A,00:10:59,658.88,1
pert-josh,M6@bmm,4569,433,8595,3,814,NULL,2814498,2814498,2814498,2814497,LIMIT,SELL,1,640,2019-03-29T00:38:57.452,2019-03-29T00:38:57.460,,00:38:57.452,00:38:57.452,1,650,640,-10,00:11:03,663.365,-1
pert-josh,M5@bmm,4568,433,8595,3,814,NULL,2814500,2814500,2814500,2814534,LIMIT,BUY,1,630,2019-03-29T00:39:01.314,2019-03-29T00:40:27.547,,00:39:01.314,00:39:01.314,0,650,#N/A,#N/A,00:11:07,667.227,1
pert-josh,M7@bmm,4570,433,8595,3,814,NULL,2814504,2814504,2814504,NULL,LIMIT,SELL,1,705,2019-03-29T00:39:09.914,2019-03-29T00:39:09.917,,00:39:09.914,00:39:09.914,0,650,#N/A,#N/A,00:11:16,675.827,-1
pert-josh,M3@bmm,4566,433,8595,3,814,NULL,2814506,2814506,2814506,NULL,LIMIT,BUY,1,600,2019-03-29T00:39:14.425,2019-03-29T00:39:14.429,,00:39:14.425,00:39:14.425,0,650,#N/A,#N/A,00:11:20,680.338,1
pert-josh,M6@bmm,4569,433,8595,3,814,NULL,2814509,2814509,2814509,NULL,LIMIT,SELL,1,660,2019-03-29T00:39:21.402,2019-03-29T00:39:21.405,,00:39:21.402,00:39:21.402,0,650,#N/A,#N/A,00:11:27,687.315,-1
pert-josh,M7@bmm,4570,433,8595,3,814,NULL,2814514,2814514,2814514,NULL,LIMIT,BUY,1,585,2019-03-29T00:39:33.003,2019-03-29T00:39:33.007,,00:39:33.003,00:39:33.003,0,650,#N/A,#N/A,00:11:39,698.916,1
pert-josh,M7@bmm,4570,433,8595,3,814,NULL,2814520,2814520,2814520,NULL,LIMIT,BUY,1,605,2019-03-29T00:39:41.554,2019-03-29T00:39:41.558,,00:39:41.554,00:39:41.554,0,650,#N/A,#N/A,00:11:47,707.467,1
pert-josh,M8@bmm,4571,433,8595,3,814,NULL,2814524,2814524,2814524,2814526,LIMIT,SELL,1,640,2019-03-29T00:39:56.362,2019-03-29T00:40:00.492,,00:39:56.362,00:39:56.362,0,650,#N/A,#N/A,00:12:02,722.275,-1
pert-josh,M7@bmm,4570,433,8595,3,814,NULL,2814525,2814525,2814525,NULL,LIMIT,SELL,1,655,2019-03-29T00:39:58.323,2019-03-29T00:39:58.327,,00:39:58.323,00:39:58.323,0,650,#N/A,#N/A,00:12:04,724.236,-1
pert-josh,M5@bmm,4568,433,8595,3,814,NULL,2814526,2814526,2814526,2814524,LIMIT,BUY,1,640,2019-03-29T00:40:00.478,2019-03-29T00:40:00.492,,00:40:00.478,00:40:00.478,1,650,640,-10,00:12:06,726.391,1
pert-josh,M3@bmm,4566,433,8595,3,814,NULL,2814529,2814529,2814529,NULL,LIMIT,SELL,1,655,2019-03-29T00:40:07.657,2019-03-29T00:40:07.660,,00:40:07.657,00:40:07.657,0,650,#N/A,#N/A,00:12:14,733.57,-1
pert-josh,M8@bmm,4571,433,8595,3,814,NULL,2814531,2814531,2814531,2814544,LIMIT,BUY,1,630,2019-03-29T00:40:13.369,2019-03-29T00:40:51.912,,00:40:13.369,00:40:13.369,0,650,#N/A,#N/A,00:12:19,739.282,1
pert-josh,M6@bmm,4569,433,8595,3,814,NULL,2814534,2814534,2814534,2814500,LIMIT,SELL,1,630,2019-03-29T00:40:27.539,2019-03-29T00:40:27.547,,00:40:27.539,00:40:27.539,1,650,630,-20,00:12:33,753.452,-1
pert-josh,M8@bmm,4571,433,8595,3,814,NULL,2814535,2814535,2814535,NULL,LIMIT,SELL,1,650,2019-03-29T00:40:30.547,2019-03-29T00:40:30.550,,00:40:30.547,00:40:30.547,0,650,#N/A,#N/A,00:12:36,756.46,-1
pert-josh,M3@bmm,4566,433,8595,3,814,NULL,2814540,2814540,2814540,NULL,LIMIT,SELL,1,720,2019-03-29T00:40:48.320,2019-03-29T00:40:48.324,,00:40:48.320,00:40:48.320,0,650,#N/A,#N/A,00:12:54,774.233,-1
pert-josh,M6@bmm,4569,433,8595,3,814,NULL,2814544,2814543,2814543,2814531,LIMIT,SELL,1,630,2019-03-29T00:40:51.907,2019-03-29T00:40:51.912,,00:40:51.907,00:40:51.907,1,650,630,-20,00:12:58,777.82,-1
pert-josh,M8@bmm,4571,433,8595,3,814,NULL,2814547,2814547,2814547,NULL,LIMIT,SELL,1,640,2019-03-29T00:40:59.498,2019-03-29T00:40:59.502,,00:40:59.498,00:40:59.498,0,650,#N/A,#N/A,00:13:05,785.411,-1
pert-josh,M5@bmm,4568,433,8595,3,814,NULL,2814548,2814548,2814548,NULL,LIMIT,SELL,1,645,2019-03-29T00:41:00.586,2019-03-29T00:41:00.589,,00:41:00.586,00:41:00.586,0,650,#N/A,#N/A,00:13:06,786.499,-1
pert-josh,M7@bmm,4570,433,8595,3,814,NULL,2814550,2814550,2814550,2814571,LIMIT,BUY,1,625,2019-03-29T00:41:03.068,2019-03-29T00:41:45.301,,00:41:03.068,00:41:03.068,0,650,#N/A,#N/A,00:13:09,788.981,1
pert-josh,M6@bmm,4569,433,8595,3,814,NULL,2814557,2814557,2814557,NULL,LIMIT,BUY,1,500,2019-03-29T00:41:08.747,2019-03-29T00:41:08.752,,00:41:08.747,00:41:08.747,0,650,#N/A,#N/A,00:13:15,794.66,1
pert-josh,M7@bmm,4570,433,8595,3,814,NULL,2814560,2814560,2814560,NULL,LIMIT,BUY,1,620,2019-03-29T00:41:10.560,2019-03-29T00:41:10.564,,00:41:10.560,00:41:10.560,0,650,#N/A,#N/A,00:13:16,796.473,1
pert-josh,M1@bmm,4564,433,8595,3,814,NULL,2814561,2814561,2814561,2814563,LIMIT,BUY,1,630,2019-03-29T00:41:10.969,2019-03-29T00:41:12.399,,00:41:10.969,00:41:10.969,0,650,#N/A,#N/A,00:13:17,796.882,1
pert-josh,M4@bmm,4567,433,8595,3,814,NULL,2814563,2814563,2814563,2814561,LIMIT,SELL,1,630,2019-03-29T00:41:12.391,2019-03-29T00:41:12.399,,00:41:12.391,00:41:12.391,1,650,630,-20,00:13:18,798.304,-1
pert-josh,M7@bmm,4570,433,8595,3,814,NULL,2814564,2814564,2814564,NULL,LIMIT,BUY,1,620,2019-03-29T00:41:14.662,2019-03-29T00:41:14.665,,00:41:14.662,00:41:14.662,0,650,#N/A,#N/A,00:13:21,800.575,1
pert-josh,M8@bmm,4571,433,8595,3,814,NULL,2814566,2814566,2814566,NULL,LIMIT,BUY,1,620,2019-03-29T00:41:18.442,2019-03-29T00:41:18.445,,00:41:18.442,00:41:18.442,0,650,#N/A,#N/A,00:13:24,804.355,1
pert-josh,M7@bmm,4570,433,8595,3,814,NULL,2814567,2814567,2814567,NULL,LIMIT,BUY,1,615,2019-03-29T00:41:20.395,2019-03-29T00:41:20.398,,00:41:20.395,00:41:20.395,0,650,#N/A,#N/A,00:13:26,806.308,1
pert-josh,M3@bmm,4566,433,8595,3,814,NULL,2814568,2814568,2814568,NULL,LIMIT,BUY,1,615,2019-03-29T00:41:26.232,2019-03-29T00:41:26.235,,00:41:26.232,00:41:26.232,0,650,#N/A,#N/A,00:13:32,812.145,1
pert-josh,M7@bmm,4570,433,8595,3,814,NULL,2814569,2814569,2814569,2814572,LIMIT,SELL,1,635,2019-03-29T00:41:31.373,2019-03-29T00:41:46.908,,00:41:31.373,00:41:31.373,0,650,#N/A,#N/A,00:13:37,817.286,-1
pert-josh,M3@bmm,4566,433,8595,3,814,NULL,2814570,2814570,2814570,NULL,LIMIT,SELL,1,700,2019-03-29T00:41:40.680,2019-03-29T00:41:40.684,,00:41:40.680,00:41:40.680,0,650,#N/A,#N/A,00:13:47,826.593,-1
pert-josh,M3@bmm,4566,433,8595,3,814,NULL,2814571,2814571,2814571,2814550,LIMIT,SELL,1,625,2019-03-29T00:41:45.291,2019-03-29T00:41:45.301,,00:41:45.291,00:41:45.291,1,650,625,-25,00:13:51,831.204,-1
pert-josh,M8@bmm,4571,433,8595,3,814,NULL,2814572,2814572,2814572,2814569,LIMIT,BUY,1,635,2019-03-29T00:41:46.896,2019-03-29T00:41:46.908,,00:41:46.896,00:41:46.896,1,650,635,-15,00:13:53,832.809,1
pert-josh,M4@bmm,4567,433,8595,3,814,NULL,2814573,2814573,2814573,NULL,LIMIT,BUY,1,625,2019-03-29T00:41:55.195,2019-03-29T00:41:55.199,,00:41:55.195,00:41:55.195,0,650,#N/A,#N/A,00:14:01,841.108,1
pert-josh,M6@bmm,4569,433,8595,3,814,NULL,2814574,2814574,2814574,NULL,LIMIT,BUY,1,615,2019-03-29T00:41:55.407,2019-03-29T00:41:55.411,,00:41:55.407,00:41:55.407,0,650,#N/A,#N/A,00:14:01,841.32,1
pert-josh,M3@bmm,4566,433,8595,3,814,NULL,2814576,2814576,2814576,2814577,LIMIT,BUY,1,640,2019-03-29T00:42:01.874,2019-03-29T00:42:01.888,,00:42:01.874,00:42:01.874,0,650,#N/A,#N/A,00:14:08,847.787,1
pert-josh,M1@bmm,4564,433,8595,3,814,NULL,2814577,2814545,2814545,2814576,LIMIT,SELL,1,640,2019-03-29T00:42:01.880,2019-03-29T00:42:01.889,,00:42:01.880,00:42:01.880,1,650,640,-10,00:14:08,847.793,-1
pert-josh,M1@bmm,4564,433,8595,3,814,NULL,2814578,2814545,2814545,2814579,LIMIT,SELL,1,640,2019-03-29T00:40:55.226,2019-03-29T00:42:02.407,,00:40:55.226,00:40:55.226,0,650,#N/A,#N/A,00:13:01,781.139,-1
pert-josh,M3@bmm,4566,433,8595,3,814,NULL,2814579,2814579,2814579,2814578,LIMIT,BUY,1,640,2019-03-29T00:42:02.399,2019-03-29T00:42:02.407,,00:42:02.399,00:42:02.399,1,650,640,-10,00:14:08,848.312,1
pert-josh,M7@bmm,4570,433,8595,3,814,NULL,2814581,2814581,2814581,NULL,LIMIT,BUY,1,630,2019-03-29T00:42:09.563,2019-03-29T00:42:09.567,,00:42:09.563,00:42:09.563,0,650,#N/A,#N/A,00:14:15,855.476,1
pert-josh,M5@bmm,4568,433,8596,4,814,NULL,2814585,2814585,2814585,NULL,LIMIT,SELL,1,630,2019-03-29T00:42:46.016,2019-03-29T00:42:46.020,,00:42:46.016,00:42:46.016,0,600,#N/A,#N/A,00:14:52,891.929,-1
pert-josh,M2@bmm,4565,433,8596,4,814,NULL,2814587,2814587,2814587,NULL,LIMIT,SELL,1,715,2019-03-29T00:42:49.536,2019-03-29T00:42:49.541,,00:42:49.536,00:42:49.536,0,600,#N/A,#N/A,00:14:55,895.449,-1
pert-josh,M4@bmm,4567,433,8596,4,814,NULL,2814590,2814590,2814590,NULL,LIMIT,SELL,1,620,2019-03-29T00:42:56.430,2019-03-29T00:42:56.433,,00:42:56.430,00:42:56.430,0,600,#N/A,#N/A,00:15:02,902.343,-1
pert-josh,M3@bmm,4566,433,8596,4,814,NULL,2814598,2814598,2814598,NULL,LIMIT,SELL,1,605,2019-03-29T00:43:20.707,2019-03-29T00:43:20.710,,00:43:20.707,00:43:20.707,0,600,#N/A,#N/A,00:15:27,926.62,-1
pert-josh,M7@bmm,4570,433,8596,4,814,NULL,2814601,2814601,2814601,2814608,LIMIT,BUY,1,555,2019-03-29T00:43:27.294,2019-03-29T00:43:36.832,,00:43:27.294,00:43:27.294,0,600,#N/A,#N/A,00:15:33,933.207,1
pert-josh,M5@bmm,4568,433,8596,4,814,NULL,2814603,2814603,2814603,2814607,LIMIT,SELL,1,595,2019-03-29T00:43:31.656,2019-03-29T00:43:35.123,,00:43:31.656,00:43:31.656,0,600,#N/A,#N/A,00:15:38,937.569,-1
pert-josh,M1@bmm,4564,433,8596,4,814,NULL,2814607,2814607,2814607,2814603,LIMIT,BUY,1,595,2019-03-29T00:43:35.116,2019-03-29T00:43:35.123,,00:43:35.116,00:43:35.116,1,600,595,-5,00:15:41,941.029,1
pert-josh,M6@bmm,4569,433,8596,4,814,NULL,2814608,2814608,2814608,2814601,LIMIT,SELL,1,555,2019-03-29T00:43:36.825,2019-03-29T00:43:36.832,,00:43:36.825,00:43:36.825,1,600,555,-45,00:15:43,942.738,-1
pert-josh,M7@bmm,4570,433,8596,4,814,NULL,2814609,2814609,2814609,2814610,LIMIT,BUY,1,550,2019-03-29T00:43:37.165,2019-03-29T00:43:40.949,,00:43:37.165,00:43:37.165,0,600,#N/A,#N/A,00:15:43,943.078,1
pert-josh,M6@bmm,4569,433,8596,4,814,NULL,2814610,2814610,2814610,2814609,LIMIT,SELL,1,550,2019-03-29T00:43:40.941,2019-03-29T00:43:40.948,,00:43:40.941,00:43:40.941,1,600,550,-50,00:15:47,946.854,-1
pert-josh,M2@bmm,4565,433,8596,4,814,NULL,2814612,2814612,2814612,NULL,LIMIT,BUY,1,540,2019-03-29T00:43:44.471,2019-03-29T00:43:44.475,,00:43:44.471,00:43:44.471,0,600,#N/A,#N/A,00:15:50,950.384,1
pert-josh,M3@bmm,4566,433,8596,4,814,NULL,2814613,2814613,2814613,2814623,LIMIT,BUY,1,555,2019-03-29T00:43:47.257,2019-03-29T00:44:04.403,,00:43:47.257,00:43:47.257,0,600,#N/A,#N/A,00:15:53,953.17,1
pert-josh,M4@bmm,4567,433,8596,4,814,NULL,2814616,2814616,2814616,2814617,LIMIT,BUY,1,590,2019-03-29T00:43:48.305,2019-03-29T00:43:55.458,,00:43:48.305,00:43:48.305,0,600,#N/A,#N/A,00:15:54,954.218,1
pert-josh,M6@bmm,4569,433,8596,4,814,NULL,2814617,2814617,2814617,2814616,LIMIT,SELL,1,590,2019-03-29T00:43:55.449,2019-03-29T00:43:55.458,,00:43:55.449,00:43:55.449,1,600,590,-10,00:16:01,961.362,-1
pert-josh,M5@bmm,4568,433,8596,4,814,NULL,2814618,2814618,2814618,2814621,LIMIT,SELL,1,595,2019-03-29T00:43:56.065,2019-03-29T00:44:00.410,,00:43:56.065,00:43:56.065,0,600,#N/A,#N/A,00:16:02,961.978,-1
pert-josh,M1@bmm,4564,433,8596,4,814,NULL,2814621,2814621,2814621,2814618,LIMIT,BUY,1,595,2019-03-29T00:44:00.402,2019-03-29T00:44:00.410,,00:44:00.402,00:44:00.402,1,600,595,-5,00:16:06,966.315,1
pert-josh,M6@bmm,4569,433,8596,4,814,NULL,2814623,2814623,2814623,2814613,LIMIT,SELL,1,555,2019-03-29T00:44:04.395,2019-03-29T00:44:04.403,,00:44:04.395,00:44:04.395,1,600,555,-45,00:16:10,970.308,-1
pert-josh,M4@bmm,4567,433,8596,4,814,NULL,2814624,2814624,2814624,2814670,LIMIT,BUY,1,590,2019-03-29T00:44:05.416,2019-03-29T00:46:26.763,,00:44:05.416,00:44:05.416,0,600,#N/A,#N/A,00:16:11,971.329,1
pert-josh,M2@bmm,4565,433,8596,4,814,NULL,2814627,2814627,2814627,NULL,LIMIT,SELL,1,600,2019-03-29T00:44:07.168,2019-03-29T00:44:07.172,,00:44:07.168,00:44:07.168,0,600,#N/A,#N/A,00:16:13,973.081,-1
pert-josh,M6@bmm,4569,433,8596,4,814,NULL,2814628,2814628,2814628,NULL,LIMIT,BUY,1,550,2019-03-29T00:44:14.491,2019-03-29T00:44:14.494,,00:44:14.491,00:44:14.491,0,600,#N/A,#N/A,00:16:20,980.404,1
pert-josh,M6@bmm,4569,433,8596,4,814,NULL,2814629,2814629,2814629,NULL,LIMIT,BUY,1,550,2019-03-29T00:44:15.616,2019-03-29T00:44:15.620,,00:44:15.616,00:44:15.616,0,600,#N/A,#N/A,00:16:22,981.529,1
pert-josh,M7@bmm,4570,433,8596,4,814,NULL,2814630,2814630,2814630,NULL,LIMIT,BUY,1,575,2019-03-29T00:44:16.599,2019-03-29T00:44:16.603,,00:44:16.599,00:44:16.599,0,600,#N/A,#N/A,00:16:23,982.512,1
pert-josh,M4@bmm,4567,433,8596,4,814,NULL,2814631,2814631,2814631,2814633,LIMIT,BUY,1,595,2019-03-29T00:44:22.109,2019-03-29T00:44:30.150,,00:44:22.109,00:44:22.109,0,600,#N/A,#N/A,00:16:28,988.022,1
pert-josh,M1@bmm,4564,433,8596,4,814,NULL,2814633,2814632,2814632,2814631,LIMIT,SELL,1,595,2019-03-29T00:44:30.142,2019-03-29T00:44:30.150,,00:44:30.142,00:44:30.142,1,600,595,-5,00:16:36,996.055,-1
pert-josh,M1@bmm,4564,433,8596,4,814,NULL,2814634,2814632,2814632,2814649,LIMIT,SELL,1,595,2019-03-29T00:44:30.133,2019-03-29T00:45:08.538,,00:44:30.133,00:44:30.133,0,600,#N/A,#N/A,00:16:36,996.046,-1
pert-josh,M7@bmm,4570,433,8596,4,814,NULL,2814635,2814635,2814635,NULL,LIMIT,SELL,1,610,2019-03-29T00:44:30.825,2019-03-29T00:44:30.829,,00:44:30.825,00:44:30.825,0,600,#N/A,#N/A,00:16:37,996.738,-1
pert-josh,M5@bmm,4568,433,8596,4,814,NULL,2814637,2814637,2814637,NULL,LIMIT,SELL,1,600,2019-03-29T00:44:36.360,2019-03-29T00:44:36.363,,00:44:36.360,00:44:36.360,0,600,#N/A,#N/A,00:16:42,1002.273,-1
pert-josh,M7@bmm,4570,433,8596,4,814,NULL,2814638,2814638,2814638,NULL,LIMIT,BUY,1,585,2019-03-29T00:44:40.849,2019-03-29T00:44:40.852,,00:44:40.849,00:44:40.849,0,600,#N/A,#N/A,00:16:47,1006.762,1
pert-josh,M3@bmm,4566,433,8596,4,814,NULL,2814639,2814639,2814639,NULL,LIMIT,BUY,1,495,2019-03-29T00:44:43.067,2019-03-29T00:44:43.070,,00:44:43.067,00:44:43.067,0,600,#N/A,#N/A,00:16:49,1008.98,1
pert-josh,M7@bmm,4570,433,8596,4,814,NULL,2814640,2814640,2814640,NULL,LIMIT,BUY,1,580,2019-03-29T00:44:43.678,2019-03-29T00:44:43.682,,00:44:43.678,00:44:43.678,0,600,#N/A,#N/A,00:16:50,1009.591,1
pert-josh,M2@bmm,4565,433,8596,4,814,NULL,2814641,2814641,2814641,NULL,LIMIT,BUY,1,590,2019-03-29T00:44:45.321,2019-03-29T00:44:45.325,,00:44:45.321,00:44:45.321,0,600,#N/A,#N/A,00:16:51,1011.234,1
pert-josh,M7@bmm,4570,433,8596,4,814,NULL,2814644,2814644,2814644,NULL,LIMIT,BUY,1,560,2019-03-29T00:44:54.664,2019-03-29T00:44:54.668,,00:44:54.664,00:44:54.664,0,600,#N/A,#N/A,00:17:01,1020.577,1
pert-josh,M3@bmm,4566,433,8596,4,814,NULL,2814646,2814646,2814646,NULL,LIMIT,BUY,1,460,2019-03-29T00:45:02.334,2019-03-29T00:45:02.339,,00:45:02.334,00:45:02.334,0,600,#N/A,#N/A,00:17:08,1028.247,1
pert-josh,M7@bmm,4570,433,8596,4,814,NULL,2814647,2814647,2814647,NULL,LIMIT,SELL,1,605,2019-03-29T00:45:04.607,2019-03-29T00:45:04.610,,00:45:04.607,00:45:04.607,0,600,#N/A,#N/A,00:17:11,1030.52,-1
pert-josh,M6@bmm,4569,433,8596,4,814,NULL,2814648,2814648,2814648,NULL,LIMIT,BUY,1,575,2019-03-29T00:45:07.050,2019-03-29T00:45:07.054,,00:45:07.050,00:45:07.050,0,600,#N/A,#N/A,00:17:13,1032.963,1
pert-josh,M4@bmm,4567,433,8596,4,814,NULL,2814649,2814649,2814649,2814634,LIMIT,BUY,1,595,2019-03-29T00:45:08.530,2019-03-29T00:45:08.538,,00:45:08.530,00:45:08.530,1,600,595,-5,00:17:14,1034.443,1
pert-josh,M6@bmm,4569,433,8596,4,814,NULL,2814650,2814650,2814650,NULL,LIMIT,BUY,1,580,2019-03-29T00:45:08.769,2019-03-29T00:45:08.773,,00:45:08.769,00:45:08.769,0,600,#N/A,#N/A,00:17:15,1034.682,1
pert-josh,M8@bmm,4571,433,8596,4,814,NULL,2814653,2814653,2814653,NULL,LIMIT,SELL,1,600,2019-03-29T00:45:13.770,2019-03-29T00:45:13.773,,00:45:13.770,00:45:13.770,0,600,#N/A,#N/A,00:17:20,1039.683,-1
pert-josh,M1@bmm,4564,433,8596,4,814,NULL,2814660,2814660,2814660,2814663,LIMIT,BUY,1,595,2019-03-29T00:45:40.832,2019-03-29T00:45:53.740,,00:45:40.832,00:45:40.832,0,600,#N/A,#N/A,00:17:47,1066.745,1
pert-josh,M7@bmm,4570,433,8596,4,814,NULL,2814661,2814661,2814661,NULL,LIMIT,SELL,1,600,2019-03-29T00:45:46.539,2019-03-29T00:45:46.542,,00:45:46.539,00:45:46.539,0,600,#N/A,#N/A,00:17:52,1072.452,-1
pert-josh,M2@bmm,4565,433,8596,4,814,NULL,2814663,2814663,2814663,2814660,LIMIT,SELL,1,595,2019-03-29T00:45:53.731,2019-03-29T00:45:53.739,,00:45:53.731,00:45:53.731,1,600,595,-5,00:18:00,1079.644,-1
pert-josh,M4@bmm,4567,433,8596,4,814,NULL,2814664,2814664,2814664,2814668,LIMIT,BUY,1,595,2019-03-29T00:46:00.357,2019-03-29T00:46:08.360,,00:46:00.357,00:46:00.357,0,600,#N/A,#N/A,00:18:06,1086.27,1
pert-josh,M3@bmm,4566,433,8596,4,814,NULL,2814666,2814666,2814666,NULL,LIMIT,BUY,1,505,2019-03-29T00:46:05.337,2019-03-29T00:46:05.342,,00:46:05.337,00:46:05.337,0,600,#N/A,#N/A,00:18:11,1091.25,1
pert-josh,M3@bmm,4566,433,8596,4,814,NULL,2814667,2814667,2814667,NULL,LIMIT,BUY,1,505,2019-03-29T00:46:05.550,2019-03-29T00:46:05.554,,00:46:05.550,00:46:05.550,0,600,#N/A,#N/A,00:18:11,1091.463,1
pert-josh,M8@bmm,4571,433,8596,4,814,NULL,2814668,2814668,2814668,2814664,LIMIT,SELL,1,595,2019-03-29T00:46:08.351,2019-03-29T00:46:08.360,,00:46:08.351,00:46:08.351,1,600,595,-5,00:18:14,1094.264,-1
pert-josh,M3@bmm,4566,433,8596,4,814,NULL,2814669,2814669,2814669,NULL,LIMIT,SELL,1,620,2019-03-29T00:46:15.593,2019-03-29T00:46:15.596,,00:46:15.593,00:46:15.593,0,600,#N/A,#N/A,00:18:22,1101.506,-1
pert-josh,M8@bmm,4571,433,8596,4,814,NULL,2814670,2814670,2814670,2814624,LIMIT,SELL,1,590,2019-03-29T00:46:26.753,2019-03-29T00:46:26.763,,00:46:26.753,00:46:26.753,1,600,590,-10,00:18:33,1112.666,-1
pert-josh,M5@bmm,4568,433,8597,5,814,NULL,2814671,2814671,2814671,2814672,LIMIT,SELL,1,575,2019-03-29T00:47:04.986,2019-03-29T00:47:08.388,,00:47:04.986,00:47:04.986,0,550,#N/A,#N/A,00:19:11,1150.899,-1
pert-josh,M1@bmm,4564,433,8597,5,814,NULL,2814672,2814672,2814672,2814671,LIMIT,BUY,1,575,2019-03-29T00:47:08.377,2019-03-29T00:47:08.388,,00:47:08.377,00:47:08.377,1,550,575,25,00:19:14,1154.29,1
pert-josh,M2@bmm,4565,433,8597,5,814,NULL,2814673,2814673,2814673,NULL,LIMIT,BUY,1,510,2019-03-29T00:47:09.535,2019-03-29T00:47:09.538,,00:47:09.535,00:47:09.535,0,550,#N/A,#N/A,00:19:15,1155.448,1
pert-josh,M5@bmm,4568,433,8597,5,814,NULL,2814677,2814677,2814677,NULL,LIMIT,BUY,1,550,2019-03-29T00:47:14.128,2019-03-29T00:47:14.131,,00:47:14.128,00:47:14.128,0,550,#N/A,#N/A,00:19:20,1160.041,1
pert-josh,M7@bmm,4570,433,8597,5,814,NULL,2814679,2814679,2814679,NULL,LIMIT,SELL,1,635,2019-03-29T00:47:17.322,2019-03-29T00:47:17.326,,00:47:17.322,00:47:17.322,0,550,#N/A,#N/A,00:19:23,1163.235,-1
pert-josh,M4@bmm,4567,433,8597,5,814,NULL,2814681,2814681,2814681,2814682,LIMIT,SELL,1,555,2019-03-29T00:47:20.910,2019-03-29T00:47:22.420,,00:47:20.910,00:47:20.910,0,550,#N/A,#N/A,00:19:27,1166.823,-1
pert-josh,M8@bmm,4571,433,8597,5,814,NULL,2814682,2814682,2814682,2814681,LIMIT,BUY,1,555,2019-03-29T00:47:22.413,2019-03-29T00:47:22.420,,00:47:22.413,00:47:22.413,1,550,555,5,00:19:28,1168.326,1
pert-josh,M7@bmm,4570,433,8597,5,814,NULL,2814683,2814683,2814683,NULL,LIMIT,SELL,1,625,2019-03-29T00:47:27.021,2019-03-29T00:47:27.025,,00:47:27.021,00:47:27.021,0,550,#N/A,#N/A,00:19:33,1172.934,-1
pert-josh,M2@bmm,4565,433,8597,5,814,NULL,2814684,2814684,2814684,2814690,LIMIT,BUY,1,560,2019-03-29T00:47:32.151,2019-03-29T00:47:45.772,,00:47:32.151,00:47:32.151,0,550,#N/A,#N/A,00:19:38,1178.064,1
pert-josh,M8@bmm,4571,433,8597,5,814,NULL,2814685,2814685,2814685,NULL,LIMIT,SELL,1,620,2019-03-29T00:47:32.606,2019-03-29T00:47:32.609,,00:47:32.606,00:47:32.606,0,550,#N/A,#N/A,00:19:39,1178.519,-1
pert-josh,M6@bmm,4569,433,8597,5,814,NULL,2814686,2814686,2814686,2814689,LIMIT,BUY,1,575,2019-03-29T00:47:36.408,2019-03-29T00:47:41.928,,00:47:36.408,00:47:36.408,0,550,#N/A,#N/A,00:19:42,1182.321,1
pert-josh,M7@bmm,4570,433,8597,5,814,NULL,2814687,2814687,2814687,NULL,LIMIT,SELL,1,615,2019-03-29T00:47:38.067,2019-03-29T00:47:38.071,,00:47:38.067,00:47:38.067,0,550,#N/A,#N/A,00:19:44,1183.98,-1
pert-josh,M4@bmm,4567,433,8597,5,814,NULL,2814689,2814688,2814688,2814686,LIMIT,SELL,1,575,2019-03-29T00:47:41.924,2019-03-29T00:47:41.928,,00:47:41.924,00:47:41.924,1,550,575,25,00:19:48,1187.837,-1
pert-josh,M5@bmm,4568,433,8597,5,814,NULL,2814690,2814690,2814690,2814684,LIMIT,SELL,1,560,2019-03-29T00:47:45.760,2019-03-29T00:47:45.772,,00:47:45.760,00:47:45.760,1,550,560,10,00:19:52,1191.673,-1
pert-josh,M6@bmm,4569,433,8597,5,814,NULL,2814692,2814692,2814692,2814696,LIMIT,BUY,1,560,2019-03-29T00:47:55.959,2019-03-29T00:47:59.151,,00:47:55.959,00:47:55.959,0,550,#N/A,#N/A,00:20:02,1201.872,1
pert-josh,M7@bmm,4570,433,8597,5,814,NULL,2814693,2814693,2814693,NULL,LIMIT,BUY,1,545,2019-03-29T00:47:56.510,2019-03-29T00:47:56.513,,00:47:56.510,00:47:56.510,0,550,#N/A,#N/A,00:20:02,1202.423,1
pert-josh,M2@bmm,4565,433,8597,5,814,NULL,2814694,2814694,2814694,NULL,LIMIT,SELL,1,600,2019-03-29T00:47:56.943,2019-03-29T00:47:56.947,,00:47:56.943,00:47:56.943,0,550,#N/A,#N/A,00:20:03,1202.856,-1
pert-josh,M4@bmm,4567,433,8597,5,814,NULL,2814696,2814696,2814696,2814692,LIMIT,SELL,1,560,2019-03-29T00:47:59.144,2019-03-29T00:47:59.151,,00:47:59.144,00:47:59.144,1,550,560,10,00:20:05,1205.057,-1
pert-josh,M5@bmm,4568,433,8597,5,814,NULL,2814697,2814697,2814697,2814698,LIMIT,SELL,1,570,2019-03-29T00:48:01.423,2019-03-29T00:48:04.887,,00:48:01.423,00:48:01.423,0,550,#N/A,#N/A,00:20:07,1207.336,-1
pert-josh,M1@bmm,4564,433,8597,5,814,NULL,2814698,2814698,2814698,2814697,LIMIT,BUY,1,570,2019-03-29T00:48:04.877,2019-03-29T00:48:04.886,,00:48:04.877,00:48:04.877,1,550,570,20,00:20:11,1210.79,1
pert-josh,M7@bmm,4570,433,8597,5,814,NULL,2814702,2814702,2814702,NULL,LIMIT,SELL,1,605,2019-03-29T00:48:14.348,2019-03-29T00:48:14.351,,00:48:14.348,00:48:14.348,0,550,#N/A,#N/A,00:20:20,1220.261,-1
pert-josh,M3@bmm,4566,433,8597,5,814,NULL,2814704,2814704,2814704,2814707,LIMIT,BUY,1,575,2019-03-29T00:48:23.241,2019-03-29T00:48:30.286,,00:48:23.241,00:48:23.241,0,550,#N/A,#N/A,00:20:29,1229.154,1
pert-josh,M5@bmm,4568,433,8597,5,814,NULL,2814707,2814707,2814707,2814704,LIMIT,SELL,1,575,2019-03-29T00:48:30.279,2019-03-29T00:48:30.286,,00:48:30.279,00:48:30.279,1,550,575,25,00:20:36,1236.192,-1
pert-josh,M3@bmm,4566,433,8597,5,814,NULL,2814710,2814710,2814710,NULL,LIMIT,SELL,1,700,2019-03-29T00:48:42.090,2019-03-29T00:48:42.094,,00:48:42.090,00:48:42.090,0,550,#N/A,#N/A,00:20:48,1248.003,-1
pert-josh,M2@bmm,4565,433,8597,5,814,NULL,2814711,2814711,2814711,2814713,LIMIT,BUY,1,570,2019-03-29T00:48:42.117,2019-03-29T00:48:49.084,,00:48:42.117,00:48:42.117,0,550,#N/A,#N/A,00:20:48,1248.03,1
pert-josh,M8@bmm,4571,433,8597,5,814,NULL,2814713,2814713,2814713,2814711,LIMIT,SELL,1,570,2019-03-29T00:48:49.074,2019-03-29T00:48:49.084,,00:48:49.074,00:48:49.074,1,550,570,20,00:20:55,1254.987,-1
pert-josh,M6@bmm,4569,433,8597,5,814,NULL,2814716,2814716,2814716,NULL,LIMIT,BUY,1,550,2019-03-29T00:48:58.587,2019-03-29T00:48:58.591,,00:48:58.587,00:48:58.587,0,550,#N/A,#N/A,00:21:05,1264.5,1
pert-josh,M4@bmm,4567,433,8597,5,814,NULL,2814718,2814718,2814718,2814723,LIMIT,SELL,1,570,2019-03-29T00:48:59.567,2019-03-29T00:49:07.950,,00:48:59.567,00:48:59.567,0,550,#N/A,#N/A,00:21:05,1265.48,-1
pert-josh,M5@bmm,4568,433,8597,5,814,NULL,2814719,2814719,2814719,NULL,LIMIT,BUY,1,555,2019-03-29T00:49:00.149,2019-03-29T00:49:00.152,,00:49:00.149,00:49:00.149,0,550,#N/A,#N/A,00:21:06,1266.062,1
pert-josh,M8@bmm,4571,433,8597,5,814,NULL,2814721,2814721,2814721,NULL,LIMIT,BUY,1,565,2019-03-29T00:49:02.121,2019-03-29T00:49:02.125,,00:49:02.121,00:49:02.121,0,550,#N/A,#N/A,00:21:08,1268.034,1
pert-josh,M1@bmm,4564,433,8597,5,814,NULL,2814723,2814722,2814722,2814718,LIMIT,BUY,1,570,2019-03-29T00:49:07.942,2019-03-29T00:49:07.950,,00:49:07.942,00:49:07.942,1,550,570,20,00:21:14,1273.855,1
pert-josh,M4@bmm,4567,433,8597,5,814,NULL,2814728,2814728,2814728,NULL,LIMIT,BUY,1,565,2019-03-29T00:49:19.405,2019-03-29T00:49:19.409,,00:49:19.405,00:49:19.405,0,550,#N/A,#N/A,00:21:25,1285.318,1
pert-josh,M3@bmm,4566,433,8597,5,814,NULL,2814729,2814729,2814729,NULL,LIMIT,SELL,1,605,2019-03-29T00:49:24.581,2019-03-29T00:49:24.584,,00:49:24.581,00:49:24.581,0,550,#N/A,#N/A,00:21:30,1290.494,-1
pert-josh,M6@bmm,4569,433,8597,5,814,NULL,2814731,2814731,2814731,NULL,LIMIT,BUY,1,560,2019-03-29T00:49:25.575,2019-03-29T00:49:25.578,,00:49:25.575,00:49:25.575,0,550,#N/A,#N/A,00:21:31,1291.488,1
pert-josh,M8@bmm,4571,433,8597,5,814,NULL,2814732,2814732,2814732,NULL,LIMIT,SELL,1,585,2019-03-29T00:49:26.312,2019-03-29T00:49:26.316,,00:49:26.312,00:49:26.312,0,550,#N/A,#N/A,00:21:32,1292.225,-1
pert-josh,M7@bmm,4570,433,8597,5,814,NULL,2814734,2814734,2814734,2814738,LIMIT,BUY,1,575,2019-03-29T00:49:31.484,2019-03-29T00:49:42.458,,00:49:31.484,00:49:31.484,0,550,#N/A,#N/A,00:21:37,1297.397,1
pert-josh,M3@bmm,4566,433,8597,5,814,NULL,2814735,2814735,2814735,NULL,LIMIT,BUY,1,555,2019-03-29T00:49:35.757,2019-03-29T00:49:35.760,,00:49:35.757,00:49:35.757,0,550,#N/A,#N/A,00:21:42,1301.67,1
pert-josh,M6@bmm,4569,433,8597,5,814,NULL,2814736,2814736,2814736,NULL,LIMIT,BUY,1,565,2019-03-29T00:49:36.767,2019-03-29T00:49:36.771,,00:49:36.767,00:49:36.767,0,550,#N/A,#N/A,00:21:43,1302.68,1
pert-josh,M1@bmm,4564,433,8597,5,814,NULL,2814737,2814737,2814737,NULL,LIMIT,SELL,1,580,2019-03-29T00:49:38.101,2019-03-29T00:49:38.105,,00:49:38.101,00:49:38.101,0,550,#N/A,#N/A,00:21:44,1304.014,-1
pert-josh,M8@bmm,4571,433,8597,5,814,NULL,2814738,2814738,2814738,2814734,LIMIT,SELL,1,575,2019-03-29T00:49:42.449,2019-03-29T00:49:42.457,,00:49:42.449,00:49:42.449,1,550,575,25,00:21:48,1308.362,-1
pert-josh,M5@bmm,4568,433,8597,5,814,NULL,2814739,2814739,2814739,NULL,LIMIT,SELL,1,580,2019-03-29T00:49:45.959,2019-03-29T00:49:45.963,,00:49:45.959,00:49:45.959,0,550,#N/A,#N/A,00:21:52,1311.872,-1
pert-josh,M2@bmm,4565,433,8597,5,814,NULL,2814740,2814740,2814740,NULL,LIMIT,BUY,1,570,2019-03-29T00:49:47.878,2019-03-29T00:49:47.881,,00:49:47.878,00:49:47.878,0,550,#N/A,#N/A,00:21:54,1313.791,1
pert-josh,M5@bmm,4568,433,8597,5,814,NULL,2814741,2814741,2814741,NULL,LIMIT,SELL,1,575,2019-03-29T00:49:53.352,2019-03-29T00:49:53.356,,00:49:53.352,00:49:53.352,0,550,#N/A,#N/A,00:21:59,1319.265,-1
pert-josh,M5@bmm,4568,433,8598,6,814,NULL,2814742,2814742,2814742,2814749,LIMIT,SELL,1,530,2019-03-29T00:50:22.102,2019-03-29T00:50:37.078,,00:50:22.102,00:50:22.102,0,500,#N/A,#N/A,00:22:28,1348.015,-1
pert-josh,M2@bmm,4565,433,8598,6,814,NULL,2814745,2814745,2814745,NULL,LIMIT,SELL,1,610,2019-03-29T00:50:28.688,2019-03-29T00:50:28.691,,00:50:28.688,00:50:28.688,0,500,#N/A,#N/A,00:22:35,1354.601,-1
pert-josh,M1@bmm,4564,433,8598,6,814,NULL,2814749,2814749,2814749,2814742,LIMIT,BUY,1,530,2019-03-29T00:50:37.070,2019-03-29T00:50:37.077,,00:50:37.070,00:50:37.070,1,500,530,30,00:22:43,1362.983,1
pert-josh,M7@bmm,4570,433,8598,6,814,NULL,2814750,2814750,2814750,NULL,LIMIT,SELL,1,600,2019-03-29T00:50:38.990,2019-03-29T00:50:38.995,,00:50:38.990,00:50:38.990,0,500,#N/A,#N/A,00:22:45,1364.903,-1
pert-josh,M2@bmm,4565,433,8598,6,814,NULL,2814751,2814751,2814751,2814783,LIMIT,BUY,1,500,2019-03-29T00:50:42.448,2019-03-29T00:52:14.019,,00:50:42.448,00:50:42.448,0,500,#N/A,#N/A,00:22:48,1368.361,1
pert-josh,M6@bmm,4569,433,8598,6,814,NULL,2814754,2814754,2814754,2814784,LIMIT,BUY,1,500,2019-03-29T00:50:45.643,2019-03-29T00:52:14.020,,00:50:45.643,00:50:45.643,0,500,#N/A,#N/A,00:22:52,1371.556,1
pert-josh,M6@bmm,4569,433,8598,6,814,NULL,2814756,2814756,2814756,NULL,LIMIT,BUY,1,485,2019-03-29T00:50:51.051,2019-03-29T00:50:51.054,,00:50:51.051,00:50:51.051,0,500,#N/A,#N/A,00:22:57,1376.964,1
pert-josh,M3@bmm,4566,433,8598,6,814,NULL,2814757,2814757,2814757,NULL,LIMIT,BUY,1,420,2019-03-29T00:50:52.737,2019-03-29T00:50:52.741,,00:50:52.737,00:50:52.737,0,500,#N/A,#N/A,00:22:59,1378.65,1
pert-josh,M7@bmm,4570,433,8598,6,814,NULL,2814758,2814758,2814758,NULL,LIMIT,BUY,1,490,2019-03-29T00:51:00.318,2019-03-29T00:51:00.321,,00:51:00.318,00:51:00.318,0,500,#N/A,#N/A,00:23:06,1386.231,1
pert-josh,M3@bmm,4566,433,8598,6,814,NULL,2814761,2814761,2814761,NULL,LIMIT,SELL,1,555,2019-03-29T00:51:08.596,2019-03-29T00:51:08.600,,00:51:08.596,00:51:08.596,0,500,#N/A,#N/A,00:23:15,1394.509,-1
pert-josh,M7@bmm,4570,433,8598,6,814,NULL,2814762,2814762,2814762,NULL,LIMIT,SELL,1,515,2019-03-29T00:51:11.593,2019-03-29T00:51:11.597,,00:51:11.593,00:51:11.593,0,500,#N/A,#N/A,00:23:18,1397.506,-1
pert-josh,M8@bmm,4571,433,8598,6,814,NULL,2814763,2814763,2814763,2814766,LIMIT,BUY,1,510,2019-03-29T00:51:13.095,2019-03-29T00:51:20.622,,00:51:13.095,00:51:13.095,0,500,#N/A,#N/A,00:23:19,1399.008,1
pert-josh,M7@bmm,4570,433,8598,6,814,NULL,2814765,2814765,2814765,NULL,LIMIT,SELL,1,525,2019-03-29T00:51:18.165,2019-03-29T00:51:18.168,,00:51:18.165,00:51:18.165,0,500,#N/A,#N/A,00:23:24,1404.078,-1
pert-josh,M5@bmm,4568,433,8598,6,814,NULL,2814766,2814766,2814766,2814763,LIMIT,SELL,1,510,2019-03-29T00:51:20.615,2019-03-29T00:51:20.622,,00:51:20.615,00:51:20.615,1,500,510,10,00:23:27,1406.528,-1
pert-josh,M6@bmm,4569,433,8598,6,814,NULL,2814767,2814767,2814767,2814785,LIMIT,BUY,1,500,2019-03-29T00:51:27.827,2019-03-29T00:52:17.181,,00:51:27.827,00:51:27.827,0,500,#N/A,#N/A,00:23:34,1413.74,1
pert-josh,M3@bmm,4566,433,8598,6,814,NULL,2814769,2814769,2814769,NULL,LIMIT,BUY,1,485,2019-03-29T00:51:31.061,2019-03-29T00:51:31.064,,00:51:31.061,00:51:31.061,0,500,#N/A,#N/A,00:23:37,1416.974,1
pert-josh,M7@bmm,4570,433,8598,6,814,NULL,2814771,2814771,2814771,NULL,LIMIT,BUY,1,480,2019-03-29T00:51:37.773,2019-03-29T00:51:37.777,,00:51:37.773,00:51:37.773,0,500,#N/A,#N/A,00:23:44,1423.686,1
pert-josh,M6@bmm,4569,433,8598,6,814,NULL,2814772,2814772,2814772,2814774,LIMIT,BUY,1,505,2019-03-29T00:51:38.258,2019-03-29T00:51:54.946,,00:51:38.258,00:51:38.258,0,500,#N/A,#N/A,00:23:44,1424.171,1
pert-josh,M4@bmm,4567,433,8598,6,814,NULL,2814774,2814774,2814774,2814772,LIMIT,SELL,1,505,2019-03-29T00:51:54.937,2019-03-29T00:51:54.946,,00:51:54.937,00:51:54.937,1,500,505,5,00:24:01,1440.85,-1
pert-josh,M5@bmm,4568,433,8598,6,814,NULL,2814776,2814776,2814776,NULL,LIMIT,SELL,1,510,2019-03-29T00:51:59.631,2019-03-29T00:51:59.634,,00:51:59.631,00:51:59.631,0,500,#N/A,#N/A,00:24:06,1445.544,-1
pert-josh,M3@bmm,4566,433,8598,6,814,NULL,2814777,2814777,2814777,NULL,LIMIT,SELL,1,520,2019-03-29T00:52:04.013,2019-03-29T00:52:04.016,,00:52:04.013,00:52:04.013,0,500,#N/A,#N/A,00:24:10,1449.926,-1
pert-josh,M6@bmm,4569,433,8598,6,814,NULL,2814781,2814781,2814781,NULL,LIMIT,BUY,1,480,2019-03-29T00:52:11.810,2019-03-29T00:52:11.814,,00:52:11.810,00:52:11.810,0,500,#N/A,#N/A,00:24:18,1457.723,1
pert-josh,M1@bmm,4564,433,8598,6,814,NULL,2814783,2814782,2814782,2814751,LIMIT,SELL,1,500,2019-03-29T00:52:14.010,2019-03-29T00:52:14.020,,00:52:14.010,00:52:14.010,1,500,500,0,00:24:20,1459.923,-1
pert-josh,M1@bmm,4564,433,8598,6,814,NULL,2814784,2814782,2814782,2814754,LIMIT,SELL,1,500,2019-03-29T00:52:14.014,2019-03-29T00:52:14.020,,00:52:14.014,00:52:14.014,1,500,500,0,00:24:20,1459.927,-1
pert-josh,M1@bmm,4564,433,8598,6,814,NULL,2814785,2814785,2814785,2814767,LIMIT,SELL,1,500,2019-03-29T00:52:17.170,2019-03-29T00:52:17.181,,00:52:17.170,00:52:17.170,1,500,500,0,00:24:23,1463.083,-1
pert-josh,M4@bmm,4567,433,8598,6,814,NULL,2814786,2814786,2814786,2814790,LIMIT,SELL,1,505,2019-03-29T00:52:17.483,2019-03-29T00:52:24.915,,00:52:17.483,00:52:17.483,0,500,#N/A,#N/A,00:24:23,1463.396,-1
pert-josh,M7@bmm,4570,433,8598,6,814,NULL,2814790,2814789,2814789,2814786,LIMIT,BUY,1,505,2019-03-29T00:52:24.910,2019-03-29T00:52:24.915,,00:52:24.910,00:52:24.910,1,500,505,5,00:24:31,1470.823,1
pert-josh,M8@bmm,4571,433,8598,6,814,NULL,2814794,2814794,2814794,NULL,LIMIT,SELL,1,515,2019-03-29T00:52:38.433,2019-03-29T00:52:38.436,,00:52:38.433,00:52:38.433,0,500,#N/A,#N/A,00:24:44,1484.346,-1
pert-josh,M4@bmm,4567,433,8598,6,814,NULL,2814795,2814795,2814795,2814798,LIMIT,BUY,1,500,2019-03-29T00:52:39.427,2019-03-29T00:52:45.183,,00:52:39.427,00:52:39.427,0,500,#N/A,#N/A,00:24:45,1485.34,1
pert-josh,M7@bmm,4570,433,8598,6,814,NULL,2814796,2814796,2814796,NULL,LIMIT,SELL,1,515,2019-03-29T00:52:40.046,2019-03-29T00:52:40.053,,00:52:40.046,00:52:40.046,0,500,#N/A,#N/A,00:24:46,1485.959,-1
pert-josh,M7@bmm,4570,433,8598,6,814,NULL,2814797,2814797,2814797,NULL,LIMIT,SELL,1,510,2019-03-29T00:52:44.423,2019-03-29T00:52:44.426,,00:52:44.423,00:52:44.423,0,500,#N/A,#N/A,00:24:50,1490.336,-1
pert-josh,M1@bmm,4564,433,8598,6,814,NULL,2814798,2814798,2814798,2814795,LIMIT,SELL,1,500,2019-03-29T00:52:45.175,2019-03-29T00:52:45.183,,00:52:45.175,00:52:45.175,1,500,500,0,00:24:51,1491.088,-1
pert-josh,M4@bmm,4567,433,8598,6,814,NULL,2814799,2814799,2814799,NULL,LIMIT,SELL,1,505,2019-03-29T00:52:51.796,2019-03-29T00:52:51.800,,00:52:51.796,00:52:51.796,0,500,#N/A,#N/A,00:24:58,1497.709,-1
pert-josh,M3@bmm,4566,433,8598,6,814,NULL,2814800,2814800,2814800,NULL,LIMIT,BUY,1,465,2019-03-29T00:52:56.759,2019-03-29T00:52:56.762,,00:52:56.759,00:52:56.759,0,500,#N/A,#N/A,00:25:03,1502.672,1
pert-josh,M4@bmm,4567,433,8598,6,814,NULL,2814801,2814801,2814801,2814802,LIMIT,BUY,1,500,2019-03-29T00:52:57.787,2019-03-29T00:52:58.623,,00:52:57.787,00:52:57.787,0,500,#N/A,#N/A,00:25:04,1503.7,1
pert-josh,M1@bmm,4564,433,8598,6,814,NULL,2814802,2814802,2814802,2814801,LIMIT,SELL,1,500,2019-03-29T00:52:58.616,2019-03-29T00:52:58.623,,00:52:58.616,00:52:58.616,1,500,500,0,00:25:05,1504.529,-1
pert-josh,M7@bmm,4570,433,8598,6,814,NULL,2814803,2814803,2814803,NULL,LIMIT,SELL,1,510,2019-03-29T00:53:05.441,2019-03-29T00:53:05.445,,00:53:05.441,00:53:05.441,0,500,#N/A,#N/A,00:25:11,1511.354,-1
pert-josh,M8@bmm,4571,433,8598,6,814,NULL,2814804,2814804,2814804,NULL,LIMIT,BUY,1,495,2019-03-29T00:53:09.892,2019-03-29T00:53:09.895,,00:53:09.892,00:53:09.892,0,500,#N/A,#N/A,00:25:16,1515.805,1
pert-josh,M5@bmm,4568,433,8599,7,814,NULL,2814806,2814806,2814806,2814809,LIMIT,SELL,1,465,2019-03-29T00:53:41.676,2019-03-29T00:53:49.897,,00:53:41.676,00:53:41.676,0,450,#N/A,#N/A,00:25:48,1547.589,-1
pert-josh,M4@bmm,4567,433,8599,7,814,NULL,2814807,2814807,2814807,2814860,LIMIT,BUY,1,445,2019-03-29T00:53:44.045,2019-03-29T00:56:15.940,,00:53:44.045,00:53:44.045,0,450,#N/A,#N/A,00:25:50,1549.958,1
pert-josh,M2@bmm,4565,433,8599,7,814,NULL,2814808,2814808,2814808,NULL,LIMIT,SELL,1,480,2019-03-29T00:53:47.387,2019-03-29T00:53:47.390,,00:53:47.387,00:53:47.387,0,450,#N/A,#N/A,00:25:53,1553.3,-1
pert-josh,M1@bmm,4564,433,8599,7,814,NULL,2814809,2814809,2814809,2814806,LIMIT,BUY,1,465,2019-03-29T00:53:49.889,2019-03-29T00:53:49.896,,00:53:49.889,00:53:49.889,1,450,465,15,00:25:56,1555.802,1
pert-josh,M4@bmm,4567,433,8599,7,814,NULL,2814810,2814810,2814810,2814823,LIMIT,SELL,1,455,2019-03-29T00:53:51.319,2019-03-29T00:54:21.220,,00:53:51.319,00:53:51.319,0,450,#N/A,#N/A,00:25:57,1557.232,-1
pert-josh,M7@bmm,4570,433,8599,7,814,NULL,2814813,2814813,2814813,NULL,LIMIT,SELL,1,510,2019-03-29T00:53:57.415,2019-03-29T00:53:57.418,,00:53:57.415,00:53:57.415,0,450,#N/A,#N/A,00:26:03,1563.328,-1
pert-josh,M8@bmm,4571,433,8599,7,814,NULL,2814814,2814814,2814814,2814831,LIMIT,BUY,1,450,2019-03-29T00:53:57.440,2019-03-29T00:54:39.251,,00:53:57.440,00:53:57.440,0,450,#N/A,#N/A,00:26:03,1563.353,1
pert-josh,M2@bmm,4565,433,8599,7,814,NULL,2814815,2814815,2814815,NULL,LIMIT,BUY,1,440,2019-03-29T00:53:59.836,2019-03-29T00:53:59.839,,00:53:59.836,00:53:59.836,0,450,#N/A,#N/A,00:26:06,1565.749,1
pert-josh,M7@bmm,4570,433,8599,7,814,NULL,2814821,2814821,2814821,NULL,LIMIT,BUY,1,430,2019-03-29T00:54:15.388,2019-03-29T00:54:15.391,,00:54:15.388,00:54:15.388,0,450,#N/A,#N/A,00:26:21,1581.301,1
pert-josh,M7@bmm,4570,433,8599,7,814,NULL,2814822,2814822,2814822,NULL,LIMIT,BUY,1,420,2019-03-29T00:54:19.505,2019-03-29T00:54:19.508,,00:54:19.505,00:54:19.505,0,450,#N/A,#N/A,00:26:25,1585.418,1
pert-josh,M3@bmm,4566,433,8599,7,814,NULL,2814823,2814823,2814823,2814810,LIMIT,BUY,1,455,2019-03-29T00:54:21.207,2019-03-29T00:54:21.220,,00:54:21.207,00:54:21.207,1,450,455,5,00:26:27,1587.12,1
pert-josh,M3@bmm,4566,433,8599,7,814,NULL,2814824,2814824,2814824,2814825,LIMIT,BUY,1,455,2019-03-29T00:54:21.839,2019-03-29T00:54:23.989,,00:54:21.839,00:54:21.839,0,450,#N/A,#N/A,00:26:28,1587.752,1
pert-josh,M1@bmm,4564,433,8599,7,814,NULL,2814825,2814825,2814825,2814824,LIMIT,SELL,1,455,2019-03-29T00:54:23.979,2019-03-29T00:54:23.989,,00:54:23.979,00:54:23.979,1,450,455,5,00:26:30,1589.892,-1
pert-josh,M8@bmm,4571,433,8599,7,814,NULL,2814826,2814826,2814826,NULL,LIMIT,SELL,1,460,2019-03-29T00:54:30.730,2019-03-29T00:54:30.734,,00:54:30.730,00:54:30.730,0,450,#N/A,#N/A,00:26:37,1596.643,-1
pert-josh,M4@bmm,4567,433,8599,7,814,NULL,2814828,2814828,2814828,2814832,LIMIT,SELL,1,455,2019-03-29T00:54:33.742,2019-03-29T00:54:39.847,,00:54:33.742,00:54:33.742,0,450,#N/A,#N/A,00:26:40,1599.655,-1
pert-josh,M7@bmm,4570,433,8599,7,814,NULL,2814829,2814829,2814829,NULL,LIMIT,SELL,1,480,2019-03-29T00:54:34.457,2019-03-29T00:54:34.460,,00:54:34.457,00:54:34.457,0,450,#N/A,#N/A,00:26:40,1600.37,-1
pert-josh,M7@bmm,4570,433,8599,7,814,NULL,2814830,2814830,2814830,NULL,LIMIT,SELL,1,470,2019-03-29T00:54:36.985,2019-03-29T00:54:36.988,,00:54:36.985,00:54:36.985,0,450,#N/A,#N/A,00:26:43,1602.898,-1
pert-josh,M6@bmm,4569,433,8599,7,814,NULL,2814831,2814831,2814831,2814814,LIMIT,SELL,1,450,2019-03-29T00:54:39.236,2019-03-29T00:54:39.251,,00:54:39.236,00:54:39.236,1,450,450,0,00:26:45,1605.149,-1
pert-josh,M3@bmm,4566,433,8599,7,814,NULL,2814832,2814832,2814832,2814828,LIMIT,BUY,1,455,2019-03-29T00:54:39.839,2019-03-29T00:54:39.847,,00:54:39.839,00:54:39.839,1,450,455,5,00:26:46,1605.752,1
pert-josh,M5@bmm,4568,433,8599,7,814,NULL,2814834,2814834,2814834,NULL,LIMIT,SELL,1,460,2019-03-29T00:54:44.452,2019-03-29T00:54:44.455,,00:54:44.452,00:54:44.452,0,450,#N/A,#N/A,00:26:50,1610.365,-1
pert-josh,M4@bmm,4567,433,8599,7,814,NULL,2814835,2814835,2814835,2814841,LIMIT,BUY,1,450,2019-03-29T00:54:45.685,2019-03-29T00:55:04.058,,00:54:45.685,00:54:45.685,0,450,#N/A,#N/A,00:26:52,1611.598,1
pert-josh,M7@bmm,4570,433,8599,7,814,NULL,2814836,2814836,2814836,NULL,LIMIT,SELL,1,475,2019-03-29T00:54:50.209,2019-03-29T00:54:50.212,,00:54:50.209,00:54:50.209,0,450,#N/A,#N/A,00:26:56,1616.122,-1
pert-josh,M8@bmm,4571,433,8599,7,814,NULL,2814838,2814838,2814838,NULL,LIMIT,SELL,1,455,2019-03-29T00:54:58.441,2019-03-29T00:54:58.444,,00:54:58.441,00:54:58.441,0,450,#N/A,#N/A,00:27:04,1624.354,-1
pert-josh,M3@bmm,4566,433,8599,7,814,NULL,2814839,2814839,2814839,NULL,LIMIT,SELL,1,500,2019-03-29T00:55:01.866,2019-03-29T00:55:01.869,,00:55:01.866,00:55:01.866,0,450,#N/A,#N/A,00:27:08,1627.779,-1
pert-josh,M7@bmm,4570,433,8599,7,814,NULL,2814840,2814840,2814840,NULL,LIMIT,BUY,1,440,2019-03-29T00:55:02.376,2019-03-29T00:55:02.379,,00:55:02.376,00:55:02.376,0,450,#N/A,#N/A,00:27:08,1628.289,1
pert-josh,M6@bmm,4569,433,8599,7,814,NULL,2814841,2814841,2814841,2814835,LIMIT,SELL,1,450,2019-03-29T00:55:04.050,2019-03-29T00:55:04.058,,00:55:04.050,00:55:04.050,1,450,450,0,00:27:10,1629.963,-1
pert-josh,M6@bmm,4569,433,8599,7,814,NULL,2814842,2814842,2814842,2814861,LIMIT,BUY,1,445,2019-03-29T00:55:10.325,2019-03-29T00:56:15.941,,00:55:10.325,00:55:10.325,0,450,#N/A,#N/A,00:27:16,1636.238,1
pert-josh,M6@bmm,4569,433,8599,7,814,NULL,2814843,2814843,2814843,NULL,LIMIT,BUY,1,445,2019-03-29T00:55:11.978,2019-03-29T00:55:11.981,,00:55:11.978,00:55:11.978,0,450,#N/A,#N/A,00:27:18,1637.891,1
pert-josh,M3@bmm,4566,433,8599,7,814,NULL,2814844,2814844,2814844,2814847,LIMIT,BUY,1,450,2019-03-29T00:55:13.376,2019-03-29T00:55:20.790,,00:55:13.376,00:55:13.376,0,450,#N/A,#N/A,00:27:19,1639.289,1
pert-josh,M4@bmm,4567,433,8599,7,814,NULL,2814845,2814845,2814845,NULL,LIMIT,SELL,1,455,2019-03-29T00:55:15.157,2019-03-29T00:55:15.160,,00:55:15.157,00:55:15.157,0,450,#N/A,#N/A,00:27:21,1641.07,-1
pert-josh,M7@bmm,4570,433,8599,7,814,NULL,2814846,2814846,2814846,NULL,LIMIT,SELL,1,455,2019-03-29T00:55:20.497,2019-03-29T00:55:20.501,,00:55:20.497,00:55:20.497,0,450,#N/A,#N/A,00:27:26,1646.41,-1
pert-josh,M6@bmm,4569,433,8599,7,814,NULL,2814847,2814847,2814847,2814844,LIMIT,SELL,1,450,2019-03-29T00:55:20.780,2019-03-29T00:55:20.790,,00:55:20.780,00:55:20.780,1,450,450,0,00:27:27,1646.693,-1
pert-josh,M4@bmm,4567,433,8599,7,814,NULL,2814848,2814848,2814848,2814850,LIMIT,BUY,1,450,2019-03-29T00:55:22.919,2019-03-29T00:55:33.709,,00:55:22.919,00:55:22.919,0,450,#N/A,#N/A,00:27:29,1648.832,1
pert-josh,M1@bmm,4564,433,8599,7,814,NULL,2814850,2814850,2814850,2814848,LIMIT,SELL,1,450,2019-03-29T00:55:33.699,2019-03-29T00:55:33.709,,00:55:33.699,00:55:33.699,1,450,450,0,00:27:40,1659.612,-1
pert-josh,M7@bmm,4570,433,8599,7,814,NULL,2814851,2814851,2814851,2814857,LIMIT,SELL,1,450,2019-03-29T00:55:41.442,2019-03-29T00:56:02.375,,00:55:41.442,00:55:41.442,0,450,#N/A,#N/A,00:27:47,1667.355,-1
pert-josh,M3@bmm,4566,433,8599,7,814,NULL,2814854,2814854,2814854,NULL,LIMIT,SELL,1,495,2019-03-29T00:55:50.386,2019-03-29T00:55:50.389,,00:55:50.386,00:55:50.386,0,450,#N/A,#N/A,00:27:56,1676.299,-1
pert-josh,M5@bmm,4568,433,8599,7,814,NULL,2814857,2814857,2814857,2814851,LIMIT,BUY,1,450,2019-03-29T00:56:02.362,2019-03-29T00:56:02.375,,00:56:02.362,00:56:02.362,1,450,450,0,00:28:08,1688.275,1
pert-josh,M1@bmm,4564,433,8599,7,814,NULL,2814860,2814859,2814859,2814807,LIMIT,SELL,1,445,2019-03-29T00:56:15.931,2019-03-29T00:56:15.940,,00:56:15.931,00:56:15.931,1,450,445,-5,00:28:22,1701.844,-1
pert-josh,M1@bmm,4564,433,8599,7,814,NULL,2814861,2814859,2814859,2814842,LIMIT,SELL,1,445,2019-03-29T00:56:15.936,2019-03-29T00:56:15.941,,00:56:15.936,00:56:15.936,1,450,445,-5,00:28:22,1701.849,-1
pert-josh,M5@bmm,4568,433,8599,7,814,NULL,2814862,2814862,2814862,NULL,LIMIT,SELL,1,455,2019-03-29T00:56:17.247,2019-03-29T00:56:17.251,,00:56:17.247,00:56:17.247,0,450,#N/A,#N/A,00:28:23,1703.16,-1
pert-josh,M4@bmm,4567,433,8599,7,814,NULL,2814865,2814865,2814865,NULL,LIMIT,SELL,1,450,2019-03-29T00:56:33.571,2019-03-29T00:56:33.575,,00:56:33.571,00:56:33.571,0,450,#N/A,#N/A,00:28:39,1719.484,-1
pert-josh,M4@bmm,4567,433,8600,8,814,NULL,2814867,2814867,2814867,2814901,LIMIT,BUY,1,395,2019-03-29T00:57:00.137,2019-03-29T00:58:03.279,,00:57:00.137,00:57:00.137,0,400,#N/A,#N/A,00:29:06,1746.05,1
pert-josh,M4@bmm,4567,433,8600,8,814,NULL,2814871,2814871,2814871,2814902,LIMIT,BUY,1,395,2019-03-29T00:57:00.605,2019-03-29T00:58:03.279,,00:57:00.605,00:57:00.605,0,400,#N/A,#N/A,00:29:07,1746.518,1
pert-josh,M2@bmm,4565,433,8600,8,814,NULL,2814876,2814876,2814876,2814914,LIMIT,BUY,2,390,2019-03-29T00:57:07.974,2019-03-29T00:58:25.115,,00:57:07.974,00:57:07.974,0,400,#N/A,#N/A,00:29:14,1753.887,1
pert-josh,M7@bmm,4570,433,8600,8,814,NULL,2814877,2814877,2814877,2814880,LIMIT,BUY,1,405,2019-03-29T00:57:10.701,2019-03-29T00:57:16.384,,00:57:10.701,00:57:10.701,0,400,#N/A,#N/A,00:29:17,1756.614,1
pert-josh,M8@bmm,4571,433,8600,8,814,NULL,2814880,2814880,2814880,2814877,LIMIT,SELL,1,405,2019-03-29T00:57:16.377,2019-03-29T00:57:16.384,,00:57:16.377,00:57:16.377,1,400,405,5,00:29:22,1762.29,-1
pert-josh,M7@bmm,4570,433,8600,8,814,NULL,2814881,2814881,2814881,NULL,LIMIT,SELL,1,460,2019-03-29T00:57:16.878,2019-03-29T00:57:16.882,,00:57:16.878,00:57:16.878,0,400,#N/A,#N/A,00:29:23,1762.791,-1
pert-josh,M5@bmm,4568,433,8600,8,814,NULL,2814883,2814883,2814883,NULL,LIMIT,SELL,1,405,2019-03-29T00:57:22.928,2019-03-29T00:57:22.931,,00:57:22.928,00:57:22.928,0,400,#N/A,#N/A,00:29:29,1768.841,-1
pert-josh,M7@bmm,4570,433,8600,8,814,NULL,2814885,2814885,2814885,2814908,LIMIT,BUY,1,395,2019-03-29T00:57:28.168,2019-03-29T00:58:13.878,,00:57:28.168,00:57:28.168,0,400,#N/A,#N/A,00:29:34,1774.081,1
pert-josh,M2@bmm,4565,433,8600,8,814,NULL,2814886,2814886,2814886,NULL,LIMIT,SELL,1,405,2019-03-29T00:57:29.244,2019-03-29T00:57:29.247,,00:57:29.244,00:57:29.244,0,400,#N/A,#N/A,00:29:35,1775.157,-1
pert-josh,M7@bmm,4570,433,8600,8,814,NULL,2814889,2814889,2814889,NULL,LIMIT,SELL,1,415,2019-03-29T00:57:38.322,2019-03-29T00:57:38.325,,00:57:38.322,00:57:38.322,0,400,#N/A,#N/A,00:29:44,1784.235,-1
pert-josh,M3@bmm,4566,433,8600,8,814,NULL,2814890,2814890,2814890,NULL,LIMIT,BUY,1,350,2019-03-29T00:57:39.771,2019-03-29T00:57:39.774,,00:57:39.771,00:57:39.771,0,400,#N/A,#N/A,00:29:46,1785.684,1
pert-josh,M6@bmm,4569,433,8600,8,814,NULL,2814892,2814892,2814892,NULL,LIMIT,BUY,1,380,2019-03-29T00:57:41.225,2019-03-29T00:57:41.228,,00:57:41.225,00:57:41.225,0,400,#N/A,#N/A,00:29:47,1787.138,1
pert-josh,M5@bmm,4568,433,8600,8,814,NULL,2814894,2814894,2814894,NULL,LIMIT,SELL,1,405,2019-03-29T00:57:43.270,2019-03-29T00:57:43.273,,00:57:43.270,00:57:43.270,0,400,#N/A,#N/A,00:29:49,1789.183,-1
pert-josh,M7@bmm,4570,433,8600,8,814,NULL,2814895,2814895,2814895,NULL,LIMIT,SELL,1,425,2019-03-29T00:57:43.599,2019-03-29T00:57:43.603,,00:57:43.599,00:57:43.599,0,400,#N/A,#N/A,00:29:50,1789.512,-1
pert-josh,M6@bmm,4569,433,8600,8,814,NULL,2814896,2814896,2814896,NULL,LIMIT,BUY,1,360,2019-03-29T00:57:47.979,2019-03-29T00:57:47.982,,00:57:47.979,00:57:47.979,0,400,#N/A,#N/A,00:29:54,1793.892,1
pert-josh,M3@bmm,4566,433,8600,8,814,NULL,2814897,2814897,2814897,NULL,LIMIT,SELL,1,450,2019-03-29T00:57:53.139,2019-03-29T00:57:53.145,,00:57:53.139,00:57:53.139,0,400,#N/A,#N/A,00:29:59,1799.052,-1
pert-josh,M7@bmm,4570,433,8600,8,814,NULL,2814898,2814898,2814898,NULL,LIMIT,BUY,1,385,2019-03-29T00:57:54.545,2019-03-29T00:57:54.549,,00:57:54.545,00:57:54.545,0,400,#N/A,#N/A,00:30:00,1800.458,1
pert-josh,M1@bmm,4564,433,8600,8,814,NULL,2814901,2814900,2814900,2814867,LIMIT,SELL,1,395,2019-03-29T00:58:03.269,2019-03-29T00:58:03.279,,00:58:03.269,00:58:03.269,1,400,395,-5,00:30:09,1809.182,-1
pert-josh,M1@bmm,4564,433,8600,8,814,NULL,2814902,2814900,2814900,2814871,LIMIT,SELL,1,395,2019-03-29T00:58:03.273,2019-03-29T00:58:03.279,,00:58:03.273,00:58:03.273,1,400,395,-5,00:30:09,1809.186,-1
pert-josh,M6@bmm,4569,433,8600,8,814,NULL,2814903,2814903,2814903,NULL,LIMIT,SELL,1,400,2019-03-29T00:58:05.850,2019-03-29T00:58:05.854,,00:58:05.850,00:58:05.850,0,400,#N/A,#N/A,00:30:12,1811.763,-1
pert-josh,M7@bmm,4570,433,8600,8,814,NULL,2814904,2814904,2814904,NULL,LIMIT,SELL,1,400,2019-03-29T00:58:05.875,2019-03-29T00:58:05.878,,00:58:05.875,00:58:05.875,0,400,#N/A,#N/A,00:30:12,1811.788,-1
pert-josh,M3@bmm,4566,433,8600,8,814,NULL,2814905,2814905,2814905,NULL,LIMIT,BUY,1,340,2019-03-29T00:58:09.788,2019-03-29T00:58:09.792,,00:58:09.788,00:58:09.788,0,400,#N/A,#N/A,00:30:16,1815.701,1
pert-josh,M4@bmm,4567,433,8600,8,814,NULL,2814906,2814906,2814906,NULL,LIMIT,SELL,1,400,2019-03-29T00:58:12.035,2019-03-29T00:58:12.038,,00:58:12.035,00:58:12.035,0,400,#N/A,#N/A,00:30:18,1817.948,-1
pert-josh,M8@bmm,4571,433,8600,8,814,NULL,2814908,2814908,2814908,2814885,LIMIT,SELL,1,395,2019-03-29T00:58:13.870,2019-03-29T00:58:13.878,,00:58:13.870,00:58:13.870,1,400,395,-5,00:30:20,1819.783,-1
pert-josh,M8@bmm,4571,433,8600,8,814,NULL,2814913,2814913,2814913,2814916,LIMIT,BUY,1,390,2019-03-29T00:58:24.479,2019-03-29T00:58:29.129,,00:58:24.479,00:58:24.479,0,400,#N/A,#N/A,00:30:30,1830.392,1
pert-josh,M1@bmm,4564,433,8600,8,814,NULL,2814914,2814914,2814914,2814876,LIMIT,SELL,2,390,2019-03-29T00:58:25.107,2019-03-29T00:58:25.114,,00:58:25.107,00:58:25.107,1,400,390,-10,00:30:31,1831.02,-1
pert-josh,M4@bmm,4567,433,8600,8,814,NULL,2814915,2814915,2814915,NULL,LIMIT,SELL,1,405,2019-03-29T00:58:28.590,2019-03-29T00:58:28.593,,00:58:28.590,00:58:28.590,0,400,#N/A,#N/A,00:30:35,1834.503,-1
pert-josh,M6@bmm,4569,433,8600,8,814,NULL,2814916,2814916,2814916,2814913,LIMIT,SELL,1,390,2019-03-29T00:58:29.122,2019-03-29T00:58:29.129,,00:58:29.122,00:58:29.122,1,400,390,-10,00:30:35,1835.035,-1
pert-josh,M7@bmm,4570,433,8600,8,814,NULL,2814917,2814917,2814917,NULL,LIMIT,BUY,1,380,2019-03-29T00:58:37.146,2019-03-29T00:58:37.149,,00:58:37.146,00:58:37.146,0,400,#N/A,#N/A,00:30:43,1843.059,1
pert-josh,M6@bmm,4569,433,8600,8,814,NULL,2814918,2814918,2814918,NULL,LIMIT,SELL,1,400,2019-03-29T00:58:38.985,2019-03-29T00:58:38.988,,00:58:38.985,00:58:38.985,0,400,#N/A,#N/A,00:30:45,1844.898,-1
pert-josh,M7@bmm,4570,433,8600,8,814,NULL,2814919,2814919,2814919,NULL,LIMIT,BUY,1,375,2019-03-29T00:58:39.993,2019-03-29T00:58:39.996,,00:58:39.993,00:58:39.993,0,400,#N/A,#N/A,00:30:46,1845.906,1
pert-josh,M4@bmm,4567,433,8600,8,814,NULL,2814920,2814920,2814920,2814924,LIMIT,BUY,1,390,2019-03-29T00:58:44.897,2019-03-29T00:58:51.206,,00:58:44.897,00:58:44.897,0,400,#N/A,#N/A,00:30:51,1850.81,1
pert-josh,M7@bmm,4570,433,8600,8,814,NULL,2814921,2814921,2814921,NULL,LIMIT,SELL,1,410,2019-03-29T00:58:48.850,2019-03-29T00:58:48.854,,00:58:48.850,00:58:48.850,0,400,#N/A,#N/A,00:30:55,1854.763,-1
pert-josh,M3@bmm,4566,433,8600,8,814,NULL,2814922,2814922,2814922,NULL,LIMIT,SELL,1,410,2019-03-29T00:58:50.726,2019-03-29T00:58:50.729,,00:58:50.726,00:58:50.726,0,400,#N/A,#N/A,00:30:57,1856.639,-1
pert-josh,M7@bmm,4570,433,8600,8,814,NULL,2814923,2814923,2814923,NULL,LIMIT,SELL,1,410,2019-03-29T00:58:50.793,2019-03-29T00:58:50.797,,00:58:50.793,00:58:50.793,0,400,#N/A,#N/A,00:30:57,1856.706,-1
pert-josh,M8@bmm,4571,433,8600,8,814,NULL,2814924,2814924,2814924,2814920,LIMIT,SELL,1,390,2019-03-29T00:58:51.193,2019-03-29T00:58:51.206,,00:58:51.193,00:58:51.193,1,400,390,-10,00:30:57,1857.106,-1
pert-josh,M3@bmm,4566,433,8601,9,814,NULL,2814930,2814930,2814930,NULL,LIMIT,SELL,1,355,2019-03-29T00:59:29.601,2019-03-29T00:59:29.605,,00:59:29.601,00:59:29.601,0,350,#N/A,#N/A,00:31:36,1895.514,-1
pert-josh,M7@bmm,4570,433,8601,9,814,NULL,2814932,2814932,2814932,2814946,LIMIT,BUY,1,300,2019-03-29T00:59:33.834,2019-03-29T00:59:55.123,,00:59:33.834,00:59:33.834,0,350,#N/A,#N/A,00:31:40,1899.747,1
pert-josh,M3@bmm,4566,433,8601,9,814,NULL,2814933,2814933,2814933,NULL,LIMIT,BUY,1,270,2019-03-29T00:59:35.866,2019-03-29T00:59:35.870,,00:59:35.866,00:59:35.866,0,350,#N/A,#N/A,00:31:42,1901.779,1
pert-josh,M3@bmm,4566,433,8601,9,814,NULL,2814941,2814941,2814941,NULL,LIMIT,SELL,1,575,2019-03-29T00:59:49.021,2019-03-29T00:59:49.024,,00:59:49.021,00:59:49.021,0,350,#N/A,#N/A,00:31:55,1914.934,-1
pert-josh,M7@bmm,4570,433,8601,9,814,NULL,2814942,2814942,2814942,2814966,LIMIT,BUY,1,300,2019-03-29T00:59:49.930,2019-03-29T01:00:21.652,,00:59:49.930,00:59:49.930,0,350,#N/A,#N/A,00:31:56,1915.843,1
pert-josh,M6@bmm,4569,433,8601,9,814,NULL,2814946,2814946,2814946,2814932,LIMIT,SELL,1,300,2019-03-29T00:59:55.116,2019-03-29T00:59:55.123,,00:59:55.116,00:59:55.116,1,350,300,-50,00:32:01,1921.029,-1
pert-josh,M7@bmm,4570,433,8601,9,814,NULL,2814947,2814947,2814947,2814949,LIMIT,BUY,1,305,2019-03-29T00:59:55.225,2019-03-29T00:59:55.678,,00:59:55.225,00:59:55.225,0,350,#N/A,#N/A,00:32:01,1921.138,1
pert-josh,M6@bmm,4569,433,8601,9,814,NULL,2814949,2814948,2814948,2814947,LIMIT,SELL,1,305,2019-03-29T00:59:55.674,2019-03-29T00:59:55.678,,00:59:55.674,00:59:55.674,1,350,305,-45,00:32:02,1921.587,-1
pert-josh,M2@bmm,4565,433,8601,9,814,NULL,2814950,2814950,2814950,NULL,LIMIT,SELL,2,340,2019-03-29T00:59:59.157,2019-03-29T00:59:59.160,,00:59:59.157,00:59:59.157,0,350,#N/A,#N/A,00:32:05,1925.07,-1
pert-josh,M7@bmm,4570,433,8601,9,814,NULL,2814953,2814953,2814953,2814998,LIMIT,BUY,1,290,2019-03-29T01:00:04.971,2019-03-29T01:01:08.981,,01:00:04.971,01:00:04.971,0,350,#N/A,#N/A,00:32:11,1930.884,1
pert-josh,M3@bmm,4566,433,8601,9,814,NULL,2814954,2814954,2814954,NULL,LIMIT,SELL,1,325,2019-03-29T01:00:08.606,2019-03-29T01:00:08.610,,01:00:08.606,01:00:08.606,0,350,#N/A,#N/A,00:32:15,1934.519,-1
pert-josh,M6@bmm,4569,433,8601,9,814,NULL,2814956,2814956,2814956,NULL,LIMIT,BUY,1,250,2019-03-29T01:00:09.354,2019-03-29T01:00:09.357,,01:00:09.354,01:00:09.354,0,350,#N/A,#N/A,00:32:15,1935.267,1
pert-josh,M2@bmm,4565,433,8601,9,814,NULL,2814958,2814958,2814958,NULL,LIMIT,SELL,2,330,2019-03-29T01:00:11.065,2019-03-29T01:00:11.068,,01:00:11.065,01:00:11.065,0,350,#N/A,#N/A,00:32:17,1936.978,-1
pert-josh,M6@bmm,4569,433,8601,9,814,NULL,2814959,2814959,2814959,NULL,LIMIT,BUY,1,250,2019-03-29T01:00:11.450,2019-03-29T01:00:11.454,,01:00:11.450,01:00:11.450,0,350,#N/A,#N/A,00:32:17,1937.363,1
pert-josh,M7@bmm,4570,433,8601,9,814,NULL,2814961,2814961,2814961,2814987,LIMIT,BUY,1,295,2019-03-29T01:00:15.716,2019-03-29T01:00:58.160,,01:00:15.716,01:00:15.716,0,350,#N/A,#N/A,00:32:22,1941.629,1
pert-josh,M3@bmm,4566,433,8601,9,814,NULL,2814962,2814962,2814962,NULL,LIMIT,BUY,1,285,2019-03-29T01:00:16.048,2019-03-29T01:00:16.052,,01:00:16.048,01:00:16.048,0,350,#N/A,#N/A,00:32:22,1941.961,1
pert-josh,M1@bmm,4564,433,8601,9,814,NULL,2814966,2814966,2814966,2814942,LIMIT,SELL,1,300,2019-03-29T01:00:21.644,2019-03-29T01:00:21.652,,01:00:21.644,01:00:21.644,1,350,300,-50,00:32:28,1947.557,-1
pert-josh,M8@bmm,4571,433,8601,9,814,NULL,2814968,2814968,2814968,2814988,LIMIT,BUY,1,295,2019-03-29T01:00:25.159,2019-03-29T01:00:59.173,,01:00:25.159,01:00:25.159,0,350,#N/A,#N/A,00:32:31,1951.072,1
pert-josh,M7@bmm,4570,433,8601,9,814,NULL,2814970,2814970,2814970,2814971,LIMIT,SELL,1,305,2019-03-29T01:00:30.802,2019-03-29T01:00:32.951,,01:00:30.802,01:00:30.802,0,350,#N/A,#N/A,00:32:37,1956.715,-1
pert-josh,M3@bmm,4566,433,8601,9,814,NULL,2814971,2814971,2814971,2814970,LIMIT,BUY,1,305,2019-03-29T01:00:32.944,2019-03-29T01:00:32.951,,01:00:32.944,01:00:32.944,1,350,305,-45,00:32:39,1958.857,1
pert-josh,M7@bmm,4570,433,8601,9,814,NULL,2814973,2814973,2814973,NULL,LIMIT,SELL,1,310,2019-03-29T01:00:36.169,2019-03-29T01:00:36.172,,01:00:36.169,01:00:36.169,0,350,#N/A,#N/A,00:32:42,1962.082,-1
pert-josh,M6@bmm,4569,433,8601,9,814,NULL,2814975,2814975,2814975,2814990,LIMIT,BUY,1,295,2019-03-29T01:00:38.338,2019-03-29T01:00:59.989,,01:00:38.338,01:00:38.338,0,350,#N/A,#N/A,00:32:44,1964.251,1
pert-josh,M8@bmm,4571,433,8601,9,814,NULL,2814977,2814977,2814977,NULL,LIMIT,SELL,1,305,2019-03-29T01:00:39.639,2019-03-29T01:00:39.642,,01:00:39.639,01:00:39.639,0,350,#N/A,#N/A,00:32:46,1965.552,-1
pert-josh,M6@bmm,4569,433,8601,9,814,NULL,2814980,2814980,2814980,2814999,LIMIT,BUY,1,290,2019-03-29T01:00:41.411,2019-03-29T01:01:09.437,,01:00:41.411,01:00:41.411,0,350,#N/A,#N/A,00:32:47,1967.324,1
pert-josh,M7@bmm,4570,433,8601,9,814,NULL,2814983,2814983,2814983,2814985,LIMIT,BUY,1,300,2019-03-29T01:00:50.195,2019-03-29T01:00:52.074,,01:00:50.195,01:00:50.195,0,350,#N/A,#N/A,00:32:56,1976.108,1
pert-josh,M6@bmm,4569,433,8601,9,814,NULL,2814984,2814984,2814984,NULL,LIMIT,BUY,1,240,2019-03-29T01:00:51.580,2019-03-29T01:00:51.583,,01:00:51.580,01:00:51.580,0,350,#N/A,#N/A,00:32:57,1977.493,1
pert-josh,M2@bmm,4565,433,8601,9,814,NULL,2814985,2814985,2814985,2814983,LIMIT,SELL,1,300,2019-03-29T01:00:52.065,2019-03-29T01:00:52.074,,01:00:52.065,01:00:52.065,1,350,300,-50,00:32:58,1977.978,-1
pert-josh,M1@bmm,4564,433,8601,9,814,NULL,2814986,2814986,2814986,2814989,LIMIT,SELL,1,300,2019-03-29T01:00:52.308,2019-03-29T01:00:59.464,,01:00:52.308,01:00:52.308,0,350,#N/A,#N/A,00:32:58,1978.221,-1
pert-josh,M4@bmm,4567,433,8601,9,814,NULL,2814987,2814987,2814987,2814961,LIMIT,SELL,1,295,2019-03-29T01:00:58.152,2019-03-29T01:00:58.160,,01:00:58.152,01:00:58.152,1,350,295,-55,00:33:04,1984.065,-1
pert-josh,M4@bmm,4567,433,8601,9,814,NULL,2814988,2814988,2814988,2814968,LIMIT,SELL,1,295,2019-03-29T01:00:59.165,2019-03-29T01:00:59.173,,01:00:59.165,01:00:59.165,1,350,295,-55,00:33:05,1985.078,-1
pert-josh,M3@bmm,4566,433,8601,9,814,NULL,2814989,2814989,2814989,2814986,LIMIT,BUY,1,300,2019-03-29T01:00:59.457,2019-03-29T01:00:59.464,,01:00:59.457,01:00:59.457,1,350,300,-50,00:33:05,1985.37,1
pert-josh,M4@bmm,4567,433,8601,9,814,NULL,2814990,2814990,2814990,2814975,LIMIT,SELL,1,295,2019-03-29T01:00:59.981,2019-03-29T01:00:59.989,,01:00:59.981,01:00:59.981,1,350,295,-55,00:33:06,1985.894,-1
pert-josh,M4@bmm,4567,433,8601,9,814,NULL,2814991,2814991,2814991,NULL,LIMIT,SELL,1,295,2019-03-29T01:01:01.744,2019-03-29T01:01:01.747,,01:01:01.744,01:01:01.744,0,350,#N/A,#N/A,00:33:08,1987.657,-1
pert-josh,M4@bmm,4567,433,8601,9,814,NULL,2814992,2814992,2814992,NULL,LIMIT,SELL,1,295,2019-03-29T01:01:02.469,2019-03-29T01:01:02.472,,01:01:02.469,01:01:02.469,0,350,#N/A,#N/A,00:33:08,1988.382,-1
pert-josh,M4@bmm,4567,433,8601,9,814,NULL,2814993,2814993,2814993,NULL,LIMIT,SELL,1,295,2019-03-29T01:01:03.237,2019-03-29T01:01:03.240,,01:01:03.237,01:01:03.237,0,350,#N/A,#N/A,00:33:09,1989.15,-1
pert-josh,M8@bmm,4571,433,8601,9,814,NULL,2814994,2814994,2814994,NULL,LIMIT,BUY,1,290,2019-03-29T01:01:03.558,2019-03-29T01:01:03.562,,01:01:03.558,01:01:03.558,0,350,#N/A,#N/A,00:33:09,1989.471,1
pert-josh,M4@bmm,4567,433,8601,9,814,NULL,2814995,2814995,2814995,NULL,LIMIT,SELL,1,295,2019-03-29T01:01:04.356,2019-03-29T01:01:04.360,,01:01:04.356,01:01:04.356,0,350,#N/A,#N/A,00:33:10,1990.269,-1
pert-josh,M7@bmm,4570,433,8601,9,814,NULL,2814996,2814996,2814996,NULL,LIMIT,SELL,1,300,2019-03-29T01:01:05.972,2019-03-29T01:01:05.975,,01:01:05.972,01:01:05.972,0,350,#N/A,#N/A,00:33:12,1991.885,-1
pert-josh,M3@bmm,4566,433,8601,9,814,NULL,2814998,2814998,2814998,2814953,LIMIT,SELL,1,290,2019-03-29T01:01:08.973,2019-03-29T01:01:08.981,,01:01:08.973,01:01:08.973,1,350,290,-60,00:33:15,1994.886,-1
pert-josh,M3@bmm,4566,433,8601,9,814,NULL,2814999,2814999,2814999,2814980,LIMIT,SELL,1,290,2019-03-29T01:01:09.427,2019-03-29T01:01:09.437,,01:01:09.427,01:01:09.427,1,350,290,-60,00:33:15,1995.34,-1
pert-josh,M5@bmm,4568,433,8602,10,814,NULL,2815000,2815000,2815000,NULL,LIMIT,SELL,1,295,2019-03-29T01:01:34.121,2019-03-29T01:01:34.125,,01:01:34.121,01:01:34.121,0,300,#N/A,#N/A,00:33:40,2020.034,-1
pert-josh,M5@bmm,4568,433,8602,10,814,NULL,2815002,2815002,2815002,NULL,LIMIT,SELL,1,295,2019-03-29T01:01:35.635,2019-03-29T01:01:35.639,,01:01:35.635,01:01:35.635,0,300,#N/A,#N/A,00:33:42,2021.548,-1
pert-josh,M5@bmm,4568,433,8602,10,814,NULL,2815003,2815003,2815003,NULL,LIMIT,SELL,1,295,2019-03-29T01:01:36.531,2019-03-29T01:01:36.534,,01:01:36.531,01:01:36.531,0,300,#N/A,#N/A,00:33:42,2022.444,-1
pert-josh,M3@bmm,4566,433,8602,10,814,NULL,2815007,2815007,2815007,2815010,LIMIT,BUY,1,210,2019-03-29T01:01:45.062,2019-03-29T01:01:51.395,,01:01:45.062,01:01:45.062,0,300,#N/A,#N/A,00:33:51,2030.975,1
pert-josh,M3@bmm,4566,433,8602,10,814,NULL,2815008,2815008,2815008,NULL,LIMIT,SELL,1,385,2019-03-29T01:01:50.304,2019-03-29T01:01:50.307,,01:01:50.304,01:01:50.304,0,300,#N/A,#N/A,00:33:56,2036.217,-1
pert-josh,M6@bmm,4569,433,8602,10,814,NULL,2815010,2815010,2815010,2815007,LIMIT,SELL,1,210,2019-03-29T01:01:51.388,2019-03-29T01:01:51.395,,01:01:51.388,01:01:51.388,1,300,210,-90,00:33:57,2037.301,-1
pert-josh,M7@bmm,4570,433,8602,10,814,NULL,2815012,2815012,2815012,2815016,LIMIT,BUY,1,240,2019-03-29T01:02:01.157,2019-03-29T01:02:05.622,,01:02:01.157,01:02:01.157,0,300,#N/A,#N/A,00:34:07,2047.07,1
pert-josh,M1@bmm,4564,433,8602,10,814,NULL,2815016,2815015,2815015,2815012,LIMIT,SELL,1,240,2019-03-29T01:02:05.615,2019-03-29T01:02:05.622,,01:02:05.615,01:02:05.615,1,300,240,-60,00:34:12,2051.528,-1
pert-josh,M7@bmm,4570,433,8602,10,814,NULL,2815020,2815020,2815020,2815021,LIMIT,BUY,1,230,2019-03-29T01:02:08.507,2019-03-29T01:02:10.428,,01:02:08.507,01:02:08.507,0,300,#N/A,#N/A,00:34:14,2054.42,1
pert-josh,M5@bmm,4568,433,8602,10,814,NULL,2815021,2815021,2815021,2815020,LIMIT,SELL,1,230,2019-03-29T01:02:10.421,2019-03-29T01:02:10.428,,01:02:10.421,01:02:10.421,1,300,230,-70,00:34:16,2056.334,-1
pert-josh,M4@bmm,4567,433,8602,10,814,NULL,2815025,2815025,2815025,2815026,LIMIT,SELL,1,230,2019-03-29T01:02:15.423,2019-03-29T01:02:18.021,,01:02:15.423,01:02:15.423,0,300,#N/A,#N/A,00:34:21,2061.336,-1
pert-josh,M3@bmm,4566,433,8602,10,814,NULL,2815026,2815026,2815026,2815025,LIMIT,BUY,1,230,2019-03-29T01:02:18.014,2019-03-29T01:02:18.021,,01:02:18.014,01:02:18.014,1,300,230,-70,00:34:24,2063.927,1
pert-josh,M3@bmm,4566,433,8602,10,814,NULL,2815028,2815028,2815028,2815029,LIMIT,BUY,1,225,2019-03-29T01:02:22.054,2019-03-29T01:02:22.080,,01:02:22.054,01:02:22.054,0,300,#N/A,#N/A,00:34:28,2067.967,1
pert-josh,M1@bmm,4564,433,8602,10,814,NULL,2815029,2815027,2815027,2815028,LIMIT,SELL,1,225,2019-03-29T01:02:22.065,2019-03-29T01:02:22.080,,01:02:22.065,01:02:22.065,1,300,225,-75,00:34:28,2067.978,-1
pert-josh,M7@bmm,4570,433,8602,10,814,NULL,2815032,2815032,2815032,2815034,LIMIT,BUY,1,200,2019-03-29T01:02:24.715,2019-03-29T01:02:29.642,,01:02:24.715,01:02:24.715,0,300,#N/A,#N/A,00:34:31,2070.628,1
pert-josh,M6@bmm,4569,433,8602,10,814,NULL,2815034,2815034,2815034,2815032,LIMIT,SELL,1,200,2019-03-29T01:02:29.631,2019-03-29T01:02:29.642,,01:02:29.631,01:02:29.631,1,300,200,-100,00:34:36,2075.544,-1
pert-josh,M7@bmm,4570,433,8602,10,814,NULL,2815035,2815035,2815035,2815037,LIMIT,BUY,1,190,2019-03-29T01:02:33.573,2019-03-29T01:02:36.453,,01:02:33.573,01:02:33.573,0,300,#N/A,#N/A,00:34:39,2079.486,1
pert-josh,M1@bmm,4564,433,8602,10,814,NULL,2815037,2815036,2815036,2815035,LIMIT,SELL,1,190,2019-03-29T01:02:36.445,2019-03-29T01:02:36.454,,01:02:36.445,01:02:36.445,1,300,190,-110,00:34:42,2082.358,-1
pert-josh,M1@bmm,4564,433,8602,10,814,NULL,2815038,2815036,2815036,2815045,LIMIT,SELL,1,190,2019-03-29T01:02:36.438,2019-03-29T01:02:41.239,,01:02:36.438,01:02:36.438,0,300,#N/A,#N/A,00:34:42,2082.351,-1
pert-josh,M5@bmm,4568,433,8602,10,814,NULL,2815045,2815045,2815045,2815038,LIMIT,BUY,1,190,2019-03-29T01:02:41.232,2019-03-29T01:02:41.239,,01:02:41.232,01:02:41.232,1,300,190,-110,00:34:47,2087.145,1
pert-josh,M7@bmm,4570,433,8602,10,814,NULL,2815049,2815049,2815049,2815057,LIMIT,BUY,1,160,2019-03-29T01:02:48.107,2019-03-29T01:02:54.998,,01:02:48.107,01:02:48.107,0,300,#N/A,#N/A,00:34:54,2094.02,1
pert-josh,M7@bmm,4570,433,8602,10,814,NULL,2815050,2815050,2815050,2815052,LIMIT,BUY,1,165,2019-03-29T01:02:50.114,2019-03-29T01:02:52.710,,01:02:50.114,01:02:50.114,0,300,#N/A,#N/A,00:34:56,2096.027,1
pert-josh,M1@bmm,4564,433,8602,10,814,NULL,2815052,2815051,2815051,2815050,LIMIT,SELL,1,165,2019-03-29T01:02:52.703,2019-03-29T01:02:52.710,,01:02:52.703,01:02:52.703,1,300,165,-135,00:34:59,2098.616,-1
pert-josh,M2@bmm,4565,433,8602,10,814,NULL,2815054,2815054,2815054,2815064,LIMIT,SELL,1,165,2019-03-29T01:02:53.209,2019-03-29T01:03:02.331,,01:02:53.209,01:02:53.209,0,300,#N/A,#N/A,00:34:59,2099.122,-1
pert-josh,M3@bmm,4566,433,8602,10,814,NULL,2815056,2815056,2815056,NULL,LIMIT,SELL,1,200,2019-03-29T01:02:53.653,2019-03-29T01:02:53.657,,01:02:53.653,01:02:53.653,0,300,#N/A,#N/A,00:35:00,2099.566,-1
pert-josh,M8@bmm,4571,433,8602,10,814,NULL,2815057,2815057,2815057,2815049,LIMIT,SELL,1,160,2019-03-29T01:02:54.990,2019-03-29T01:02:54.998,,01:02:54.990,01:02:54.990,1,300,160,-140,00:35:01,2100.903,-1
pert-josh,M7@bmm,4570,433,8602,10,814,NULL,2815062,2815062,2815062,2815068,LIMIT,SELL,1,170,2019-03-29T01:03:01.197,2019-03-29T01:03:08.041,,01:03:01.197,01:03:01.197,0,300,#N/A,#N/A,00:35:07,2107.11,-1
pert-josh,M4@bmm,4567,433,8602,10,814,NULL,2815064,2815063,2815063,2815054,LIMIT,BUY,1,165,2019-03-29T01:03:02.326,2019-03-29T01:03:02.331,,01:03:02.326,01:03:02.326,1,300,165,-135,00:35:08,2108.239,1
pert-josh,M7@bmm,4570,433,8602,10,814,NULL,2815067,2815067,2815067,2815075,LIMIT,SELL,1,180,2019-03-29T01:03:08.003,2019-03-29T01:03:15.456,,01:03:08.003,01:03:08.003,0,300,#N/A,#N/A,00:35:14,2113.916,-1
pert-josh,M5@bmm,4568,433,8602,10,814,NULL,2815068,2815068,2815068,2815062,LIMIT,BUY,1,170,2019-03-29T01:03:08.034,2019-03-29T01:03:08.040,,01:03:08.034,01:03:08.034,1,300,170,-130,00:35:14,2113.947,1
pert-josh,M4@bmm,4567,433,8602,10,814,NULL,2815069,2815069,2815069,NULL,LIMIT,BUY,1,155,2019-03-29T01:03:08.230,2019-03-29T01:03:08.233,,01:03:08.230,01:03:08.230,0,300,#N/A,#N/A,00:35:14,2114.143,1
pert-josh,M6@bmm,4569,433,8602,10,814,NULL,2815070,2815070,2815070,NULL,LIMIT,BUY,1,150,2019-03-29T01:03:09.842,2019-03-29T01:03:09.845,,01:03:09.842,01:03:09.842,0,300,#N/A,#N/A,00:35:16,2115.755,1
pert-josh,M3@bmm,4566,433,8602,10,814,NULL,2815071,2815071,2815071,2815072,LIMIT,BUY,1,170,2019-03-29T01:03:11.303,2019-03-29T01:03:12.537,,01:03:11.303,01:03:11.303,0,300,#N/A,#N/A,00:35:17,2117.216,1
pert-josh,M8@bmm,4571,433,8602,10,814,NULL,2815072,2815072,2815072,2815071,LIMIT,SELL,1,170,2019-03-29T01:03:12.527,2019-03-29T01:03:12.537,,01:03:12.527,01:03:12.527,1,300,170,-130,00:35:18,2118.44,-1
pert-josh,M7@bmm,4570,433,8602,10,814,NULL,2815073,2815073,2815073,NULL,LIMIT,SELL,1,185,2019-03-29T01:03:14.428,2019-03-29T01:03:14.431,,01:03:14.428,01:03:14.428,0,300,#N/A,#N/A,00:35:20,2120.341,-1
pert-josh,M4@bmm,4567,433,8602,10,814,NULL,2815075,2815075,2815075,2815067,LIMIT,BUY,1,180,2019-03-29T01:03:15.447,2019-03-29T01:03:15.456,,01:03:15.447,01:03:15.447,1,300,180,-120,00:35:21,2121.36,1
pert-josh,M7@bmm,4570,433,8602,10,814,NULL,2815078,2815078,2815078,NULL,LIMIT,SELL,1,190,2019-03-29T01:03:21.522,2019-03-29T01:03:21.525,,01:03:21.522,01:03:21.522,0,300,#N/A,#N/A,00:35:27,2127.435,-1
pert-josh,M4@bmm,4567,433,8602,10,814,NULL,2815079,2815079,2815079,2815080,LIMIT,BUY,1,180,2019-03-29T01:03:22.951,2019-03-29T01:03:22.971,,01:03:22.951,01:03:22.951,0,300,#N/A,#N/A,00:35:29,2128.864,1
pert-josh,M1@bmm,4564,433,8602,10,814,NULL,2815080,2815077,2815077,2815079,LIMIT,SELL,1,180,2019-03-29T01:03:22.958,2019-03-29T01:03:22.971,,01:03:22.958,01:03:22.958,1,300,180,-120,00:35:29,2128.871,-1
pert-josh,M1@bmm,4564,433,8602,10,814,NULL,2815081,2815077,2815077,2815085,LIMIT,SELL,1,180,2019-03-29T01:03:20.463,2019-03-29T01:03:27.893,,01:03:20.463,01:03:20.463,0,300,#N/A,#N/A,00:35:26,2126.376,-1
pert-josh,M3@bmm,4566,433,8602,10,814,NULL,2815082,2815082,2815082,NULL,LIMIT,BUY,1,170,2019-03-29T01:03:25.527,2019-03-29T01:03:25.531,,01:03:25.527,01:03:25.527,0,300,#N/A,#N/A,00:35:31,2131.44,1
pert-josh,M6@bmm,4569,433,8602,10,814,NULL,2815083,2815083,2815083,NULL,LIMIT,BUY,1,145,2019-03-29T01:03:26.955,2019-03-29T01:03:26.958,,01:03:26.955,01:03:26.955,0,300,#N/A,#N/A,00:35:33,2132.868,1
pert-josh,M2@bmm,4565,433,8602,10,814,NULL,2815084,2815084,2815084,NULL,LIMIT,BUY,1,170,2019-03-29T01:03:27.073,2019-03-29T01:03:27.077,,01:03:27.073,01:03:27.073,0,300,#N/A,#N/A,00:35:33,2132.986,1
pert-josh,M5@bmm,4568,433,8602,10,814,NULL,2815085,2815085,2815085,2815081,LIMIT,BUY,1,180,2019-03-29T01:03:27.883,2019-03-29T01:03:27.893,,01:03:27.883,01:03:27.883,1,300,180,-120,00:35:34,2133.796,1
pert-josh,M4@bmm,4567,433,8602,10,814,NULL,2815086,2815086,2815086,NULL,LIMIT,BUY,1,180,2019-03-29T01:03:28.415,2019-03-29T01:03:28.419,,01:03:28.415,01:03:28.415,0,300,#N/A,#N/A,00:35:34,2134.328,1
pert-josh,M6@bmm,4569,433,8603,11,814,NULL,2815092,2815092,2815092,NULL,LIMIT,BUY,1,150,2019-03-29T01:04:00.157,2019-03-29T01:04:00.161,,01:04:00.157,01:04:00.157,0,250,#N/A,#N/A,00:36:06,2166.07,1
pert-josh,M3@bmm,4566,433,8603,11,814,NULL,2815097,2815097,2815097,NULL,LIMIT,BUY,1,130,2019-03-29T01:04:05.758,2019-03-29T01:04:05.762,,01:04:05.758,01:04:05.758,0,250,#N/A,#N/A,00:36:12,2171.671,1
pert-josh,M6@bmm,4569,433,8603,11,814,NULL,2815099,2815099,2815099,NULL,LIMIT,BUY,1,155,2019-03-29T01:04:09.627,2019-03-29T01:04:09.631,,01:04:09.627,01:04:09.627,0,250,#N/A,#N/A,00:36:16,2175.54,1
pert-josh,M4@bmm,4567,433,8603,11,814,NULL,2815100,2815100,2815100,2815102,LIMIT,BUY,1,165,2019-03-29T01:04:11.095,2019-03-29T01:04:14.831,,01:04:11.095,01:04:11.095,0,250,#N/A,#N/A,00:36:17,2177.008,1
pert-josh,M3@bmm,4566,433,8603,11,814,NULL,2815101,2815101,2815101,NULL,LIMIT,SELL,1,215,2019-03-29T01:04:12.864,2019-03-29T01:04:12.867,,01:04:12.864,01:04:12.864,0,250,#N/A,#N/A,00:36:19,2178.777,-1
pert-josh,M8@bmm,4571,433,8603,11,814,NULL,2815102,2815102,2815102,2815100,LIMIT,SELL,1,165,2019-03-29T01:04:14.823,2019-03-29T01:04:14.831,,01:04:14.823,01:04:14.823,1,250,165,-85,00:36:21,2180.736,-1
pert-josh,M2@bmm,4565,433,8603,11,814,NULL,2815104,2815104,2815104,NULL,LIMIT,SELL,2,200,2019-03-29T01:04:20.314,2019-03-29T01:04:20.317,,01:04:20.314,01:04:20.314,0,250,#N/A,#N/A,00:36:26,2186.227,-1
pert-josh,M3@bmm,4566,433,8603,11,814,NULL,2815109,2815109,2815109,NULL,LIMIT,BUY,1,135,2019-03-29T01:04:33.936,2019-03-29T01:04:33.940,,01:04:33.936,01:04:33.936,0,250,#N/A,#N/A,00:36:40,2199.849,1
pert-josh,M8@bmm,4571,433,8603,11,814,NULL,2815110,2815110,2815110,2815112,LIMIT,SELL,1,175,2019-03-29T01:04:35.326,2019-03-29T01:04:41.629,,01:04:35.326,01:04:35.326,0,250,#N/A,#N/A,00:36:41,2201.239,-1
pert-josh,M5@bmm,4568,433,8603,11,814,NULL,2815112,2815112,2815112,2815110,LIMIT,BUY,1,175,2019-03-29T01:04:41.622,2019-03-29T01:04:41.629,,01:04:41.622,01:04:41.622,1,250,175,-75,00:36:48,2207.535,1
pert-josh,M7@bmm,4570,433,8603,11,814,NULL,2815113,2815113,2815113,2815116,LIMIT,BUY,1,180,2019-03-29T01:04:43.363,2019-03-29T01:04:47.236,,01:04:43.363,01:04:43.363,0,250,#N/A,#N/A,00:36:49,2209.276,1
pert-josh,M3@bmm,4566,433,8603,11,814,NULL,2815114,2815114,2815114,NULL,LIMIT,SELL,1,210,2019-03-29T01:04:43.616,2019-03-29T01:04:43.620,,01:04:43.616,01:04:43.616,0,250,#N/A,#N/A,00:36:50,2209.529,-1
pert-josh,M1@bmm,4564,433,8603,11,814,NULL,2815116,2815116,2815116,2815113,LIMIT,SELL,1,180,2019-03-29T01:04:47.227,2019-03-29T01:04:47.236,,01:04:47.227,01:04:47.227,1,250,180,-70,00:36:53,2213.14,-1
pert-josh,M8@bmm,4571,433,8603,11,814,NULL,2815118,2815118,2815118,2815137,LIMIT,SELL,1,185,2019-03-29T01:04:51.759,2019-03-29T01:05:20.827,,01:04:51.759,01:04:51.759,0,250,#N/A,#N/A,00:36:58,2217.672,-1
pert-josh,M7@bmm,4570,433,8603,11,814,NULL,2815121,2815121,2815121,NULL,LIMIT,SELL,1,195,2019-03-29T01:04:58.741,2019-03-29T01:04:58.745,,01:04:58.741,01:04:58.741,0,250,#N/A,#N/A,00:37:05,2224.654,-1
pert-josh,M3@bmm,4566,433,8603,11,814,NULL,2815122,2815122,2815122,NULL,LIMIT,BUY,1,175,2019-03-29T01:05:01.046,2019-03-29T01:05:01.068,,01:05:01.046,01:05:01.046,0,250,#N/A,#N/A,00:37:07,2226.959,1
pert-josh,M4@bmm,4567,433,8603,11,814,NULL,2815127,2815127,2815127,NULL,LIMIT,BUY,1,175,2019-03-29T01:05:05.713,2019-03-29T01:05:05.717,,01:05:05.713,01:05:05.713,0,250,#N/A,#N/A,00:37:12,2231.626,1
pert-josh,M4@bmm,4567,433,8603,11,814,NULL,2815128,2815128,2815128,2815129,LIMIT,BUY,1,180,2019-03-29T01:05:07.659,2019-03-29T01:05:07.673,,01:05:07.659,01:05:07.659,0,250,#N/A,#N/A,00:37:14,2233.572,1
pert-josh,M2@bmm,4565,433,8603,11,814,NULL,2815129,2815126,2815126,2815128,LIMIT,SELL,1,180,2019-03-29T01:05:07.665,2019-03-29T01:05:07.673,,01:05:07.665,01:05:07.665,1,250,180,-70,00:37:14,2233.578,-1
