account,email,owner,marketplace,session,period,periodOrig,market,target,order,original,supplier,consumer,type,side,units,price,createdDate,lastModifiedDate,16. just time,17. just second,trade,fair value,trade price,mispricing,time secs,buy/sell,vol1,vol2,vol3,vol4,vol5,vol6,vol7,vol8
limpid-josh,M4@bmm,8041,1280,32669,1,32669,2236,NULL,19835155,19835155,19835155,NULL,LIMIT,SELL,1,1000,2021-05-26T07:29:17.278,2021-05-26T07:29:17.284,07:29:17.278,07:29:17,0,750,0,#N/A,0,-1,0,0,0,0,0,0,0,0
limpid-josh,M8@bmm,8045,1280,32669,1,32669,2236,NULL,19835156,19835156,19835156,19835253,LIMIT,BUY,1,25,2021-05-26T07:29:19.325,2021-05-26T07:32:36.893,07:29:19.325,07:29:19,0,750,0,#N/A,2.047,1,0,0,0,0,0,0,0,0
limpid-josh,M2@bmm,8039,1280,32669,1,32669,2236,NULL,19835157,19835157,19835157,19835163,LIMIT,BUY,1,585,2021-05-26T07:29:25.053,2021-05-26T07:29:35.372,07:29:25.053,07:29:25,0,750,0,#N/A,7.775,1,0,0,0,0,0,0,0,0
limpid-josh,M4@bmm,8041,1280,32669,1,32669,2236,NULL,19835158,19835158,19835158,NULL,LIMIT,SELL,1,790,2021-05-26T07:29:26.035,2021-05-26T07:29:26.038,07:29:26.035,07:29:26,0,750,0,#N/A,8.757,-1,0,0,0,0,0,0,0,0
limpid-josh,M3@bmm,8040,1280,32669,1,32669,2236,NULL,19835159,19835159,19835159,NULL,LIMIT,SELL,1,905,2021-05-26T07:29:26.867,2021-05-26T07:29:26.870,07:29:26.867,07:29:26,0,750,0,#N/A,9.589,-1,0,0,0,0,0,0,0,0
limpid-josh,M1@bmm,8038,1280,32669,1,32669,2236,NULL,19835160,19835160,19835160,NULL,LIMIT,BUY,1,335,2021-05-26T07:29:27.014,2021-05-26T07:29:27.016,07:29:27.014,07:29:27,0,750,0,#N/A,9.736,1,0,0,0,0,0,0,0,0
limpid-josh,M6@bmm,8043,1280,32669,1,32669,2236,NULL,19835161,19835161,19835161,19835168,LIMIT,BUY,1,80,2021-05-26T07:29:27.142,2021-05-26T07:29:43.506,07:29:27.142,07:29:27,0,750,0,#N/A,9.864,1,0,0,0,0,0,0,0,0
limpid-josh,M8@bmm,8045,1280,32669,1,32669,2236,NULL,19835162,19835162,19835162,19835216,LIMIT,SELL,1,745,2021-05-26T07:29:31.723,2021-05-26T07:31:21.809,07:29:31.723,07:29:31,0,750,0,#N/A,14.445,-1,0,0,0,0,0,0,0,0
limpid-josh,M2@bmm,8039,1280,32669,1,32669,2236,NULL,19835163,19835157,19835163,19835157,CANCEL,BUY,1,585,2021-05-26T07:29:35.365,2021-05-26T07:29:35.371,07:29:35.365,07:29:35,0,750,0,#N/A,18.087,1,0,0,0,0,0,0,0,0
limpid-josh,M7@bmm,8044,1280,32669,1,32669,2236,NULL,19835164,19835164,19835164,NULL,LIMIT,SELL,1,950,2021-05-26T07:29:35.908,2021-05-26T07:29:35.911,07:29:35.908,07:29:35,0,750,0,#N/A,18.63,-1,0,0,0,0,0,0,0,0
limpid-josh,M4@bmm,8041,1280,32669,1,32669,2236,NULL,19835165,19835165,19835165,NULL,LIMIT,BUY,1,55,2021-05-26T07:29:36.979,2021-05-26T07:29:36.982,07:29:36.979,07:29:36,0,750,0,#N/A,19.701,1,0,0,0,0,0,0,0,0
limpid-josh,M4@bmm,8041,1280,32669,1,32669,2236,NULL,19835166,19835166,19835166,19835167,LIMIT,BUY,1,55,2021-05-26T07:29:37.579,2021-05-26T07:29:40.060,07:29:37.579,07:29:37,0,750,0,#N/A,20.301,1,0,0,0,0,0,0,0,0
limpid-josh,M4@bmm,8041,1280,32669,1,32669,2236,NULL,19835167,19835166,19835167,19835166,CANCEL,BUY,1,55,2021-05-26T07:29:40.054,2021-05-26T07:29:40.060,07:29:40.054,07:29:40,0,750,0,#N/A,22.776,1,0,0,0,0,0,0,0,0
limpid-josh,M6@bmm,8043,1280,32669,1,32669,2236,NULL,19835168,19835161,19835168,19835161,CANCEL,BUY,1,80,2021-05-26T07:29:43.499,2021-05-26T07:29:43.505,07:29:43.499,07:29:43,0,750,0,#N/A,26.221,1,0,0,0,0,0,0,0,0
limpid-josh,M8@bmm,8045,1280,32669,1,32669,2236,NULL,19835169,19835169,19835169,19835250,LIMIT,BUY,1,100,2021-05-26T07:29:44.744,2021-05-26T07:32:35.916,07:29:44.744,07:29:44,0,750,0,#N/A,27.466,1,0,0,0,0,0,0,0,0
limpid-josh,M4@bmm,8041,1280,32669,1,32669,2236,NULL,19835170,19835170,19835170,NULL,LIMIT,BUY,1,355,2021-05-26T07:29:50.749,2021-05-26T07:29:50.751,07:29:50.749,07:29:50,0,750,0,#N/A,33.471,1,0,0,0,0,0,0,0,0
limpid-josh,M2@bmm,8039,1280,32669,1,32669,2236,NULL,19835171,19835171,19835171,19835173,LIMIT,SELL,1,525,2021-05-26T07:29:52.067,2021-05-26T07:29:52.124,07:29:52.067,07:29:52,0,750,0,#N/A,34.789,-1,0,0,0,0,0,0,0,0
limpid-josh,M7@bmm,8044,1280,32669,1,32669,2236,NULL,19835172,19835172,19835172,0,LIMIT,BUY,1,775,2021-05-26T07:29:52.113,2021-05-26T07:29:52.123,07:29:52.113,07:29:52,0,750,0,#N/A,34.835,1,0,0,0,0,0,0,0,0
limpid-josh,M7@bmm,8044,1280,32669,1,32669,2236,NULL,19835173,19835172,19835172,19835171,LIMIT,BUY,1,525,2021-05-26T07:29:52.120,2021-05-26T07:29:52.124,07:29:52.120,07:29:52,1,750,525,-225,34.842,1,0,0,0,0,0,0,1,0
limpid-josh,M3@bmm,8040,1280,32669,1,32669,2236,NULL,19835174,19835174,19835174,19835257,LIMIT,BUY,1,490,2021-05-26T07:29:52.220,2021-05-26T07:32:48.839,07:29:52.220,07:29:52,0,750,0,#N/A,34.942,1,0,0,0,0,0,0,0,0
limpid-josh,M2@bmm,8039,1280,32669,1,32669,2236,NULL,19835175,19835175,19835175,19835180,LIMIT,SELL,1,525,2021-05-26T07:30:01.154,2021-05-26T07:30:09.046,07:30:01.154,07:30:01,0,750,0,#N/A,43.876,-1,0,0,0,0,0,0,0,0
limpid-josh,M4@bmm,8041,1280,32669,1,32669,2236,NULL,19835176,19835176,19835176,NULL,LIMIT,BUY,1,430,2021-05-26T07:30:01.330,2021-05-26T07:30:01.333,07:30:01.330,07:30:01,0,750,0,#N/A,44.052,1,0,0,0,0,0,0,0,0
limpid-josh,M6@bmm,8043,1280,32669,1,32669,2236,NULL,19835177,19835177,19835177,19835190,LIMIT,BUY,1,510,2021-05-26T07:30:02.276,2021-05-26T07:30:26.012,07:30:02.276,07:30:02,0,750,0,#N/A,44.998,1,0,0,0,0,0,0,0,0
limpid-josh,M8@bmm,8045,1280,32669,1,32669,2236,NULL,19835178,19835178,19835178,19835207,LIMIT,SELL,1,715,2021-05-26T07:30:07.744,2021-05-26T07:30:59.175,07:30:07.744,07:30:07,0,750,0,#N/A,50.466,-1,0,0,0,0,0,0,0,0
limpid-josh,M6@bmm,8043,1280,32669,1,32669,2236,NULL,19835179,19835179,19835179,0,LIMIT,BUY,1,590,2021-05-26T07:30:09.037,2021-05-26T07:30:09.046,07:30:09.037,07:30:09,0,750,0,#N/A,51.759,1,0,0,0,0,0,0,0,0
limpid-josh,M6@bmm,8043,1280,32669,1,32669,2236,NULL,19835180,19835179,19835179,19835175,LIMIT,BUY,1,525,2021-05-26T07:30:09.043,2021-05-26T07:30:09.046,07:30:09.043,07:30:09,1,750,525,-225,51.765,1,0,0,0,0,0,1,0,0
limpid-josh,M5@bmm,8042,1280,32669,1,32669,2236,NULL,19835181,19835181,19835181,19835182,LIMIT,BUY,1,560,2021-05-26T07:30:10.568,2021-05-26T07:30:13.803,07:30:10.568,07:30:10,0,750,0,#N/A,53.29,1,0,0,0,0,0,0,0,0
limpid-josh,M5@bmm,8042,1280,32669,1,32669,2236,NULL,19835182,19835181,19835182,19835181,CANCEL,BUY,1,560,2021-05-26T07:30:13.797,2021-05-26T07:30:13.803,07:30:13.797,07:30:13,0,750,0,#N/A,56.519,1,0,0,0,0,0,0,0,0
limpid-josh,M2@bmm,8039,1280,32669,1,32669,2236,NULL,19835183,19835183,19835183,19835185,LIMIT,SELL,1,525,2021-05-26T07:30:14.117,2021-05-26T07:30:16.687,07:30:14.117,07:30:14,0,750,0,#N/A,56.839,-1,0,0,0,0,0,0,0,0
limpid-josh,M3@bmm,8040,1280,32669,1,32669,2236,NULL,19835184,19835184,19835184,0,LIMIT,BUY,1,530,2021-05-26T07:30:16.678,2021-05-26T07:30:16.687,07:30:16.678,07:30:16,0,750,0,#N/A,59.4,1,0,0,0,0,0,0,0,0
limpid-josh,M3@bmm,8040,1280,32669,1,32669,2236,NULL,19835185,19835184,19835184,19835183,LIMIT,BUY,1,525,2021-05-26T07:30:16.684,2021-05-26T07:30:16.687,07:30:16.684,07:30:16,1,750,525,-225,59.406,1,0,0,1,0,0,0,0,0
limpid-josh,M5@bmm,8042,1280,32669,1,32669,2236,NULL,19835186,19835186,19835186,19835191,LIMIT,BUY,1,560,2021-05-26T07:30:16.981,2021-05-26T07:30:27.420,07:30:16.981,07:30:16,0,750,0,#N/A,59.703,1,0,0,0,0,0,0,0,0
limpid-josh,M6@bmm,8043,1280,32669,1,32669,2236,NULL,19835187,19835187,19835187,NULL,LIMIT,BUY,1,590,2021-05-26T07:30:17.106,2021-05-26T07:30:17.108,07:30:17.106,07:30:17,0,750,0,#N/A,59.828,1,0,0,0,0,0,0,0,0
limpid-josh,M6@bmm,8043,1280,32669,1,32669,2236,NULL,19835188,19835188,19835188,19835193,LIMIT,BUY,1,590,2021-05-26T07:30:21.804,2021-05-26T07:30:27.844,07:30:21.804,07:30:21,0,750,0,#N/A,64.526,1,0,0,0,0,0,0,0,0
limpid-josh,M7@bmm,8044,1280,32669,1,32669,2236,NULL,19835189,19835189,19835189,19835236,LIMIT,SELL,1,775,2021-05-26T07:30:21.936,2021-05-26T07:32:06.763,07:30:21.936,07:30:21,0,750,0,#N/A,64.658,-1,0,0,0,0,0,0,0,0
limpid-josh,M6@bmm,8043,1280,32669,1,32669,2236,NULL,19835190,19835177,19835190,19835177,CANCEL,BUY,1,510,2021-05-26T07:30:26.005,2021-05-26T07:30:26.011,07:30:26.005,07:30:26,0,750,0,#N/A,68.727,1,0,0,0,0,0,0,0,0
limpid-josh,M5@bmm,8042,1280,32669,1,32669,2236,NULL,19835191,19835186,19835191,19835186,CANCEL,BUY,1,560,2021-05-26T07:30:27.413,2021-05-26T07:30:27.420,07:30:27.413,07:30:27,0,750,0,#N/A,70.135,1,0,0,0,0,0,0,0,0
limpid-josh,M5@bmm,8042,1280,32669,1,32669,2236,NULL,19835192,19835186,19835192,19835192,CANCEL,BUY,1,560,2021-05-26T07:30:27.672,2021-05-26T07:30:27.678,07:30:27.672,07:30:27,0,750,0,#N/A,70.394,1,0,0,0,0,0,0,0,0
limpid-josh,M6@bmm,8043,1280,32669,1,32669,2236,NULL,19835193,19835188,19835193,19835188,CANCEL,BUY,1,590,2021-05-26T07:30:27.837,2021-05-26T07:30:27.844,07:30:27.837,07:30:27,0,750,0,#N/A,70.559,1,0,0,0,0,0,0,0,0
limpid-josh,M4@bmm,8041,1280,32669,1,32669,2236,NULL,19835194,19835194,19835194,NULL,LIMIT,BUY,1,530,2021-05-26T07:30:30.614,2021-05-26T07:30:30.617,07:30:30.614,07:30:30,0,750,0,#N/A,73.336,1,0,0,0,0,0,0,0,0
limpid-josh,M3@bmm,8040,1280,32669,1,32669,2236,NULL,19835195,19835195,19835195,19835198,LIMIT,SELL,1,695,2021-05-26T07:30:32.654,2021-05-26T07:30:40.608,07:30:32.654,07:30:32,0,750,0,#N/A,75.376,-1,0,0,0,0,0,0,0,0
limpid-josh,M2@bmm,8039,1280,32669,1,32669,2236,NULL,19835196,19835196,19835196,19835202,LIMIT,BUY,1,100,2021-05-26T07:30:32.804,2021-05-26T07:30:46.943,07:30:32.804,07:30:32,0,750,0,#N/A,75.526,1,0,0,0,0,0,0,0,0
limpid-josh,M6@bmm,8043,1280,32669,1,32669,2236,NULL,19835197,19835197,19835197,19835204,LIMIT,BUY,1,605,2021-05-26T07:30:34.883,2021-05-26T07:30:46.996,07:30:34.883,07:30:34,0,750,0,#N/A,77.605,1,0,0,0,0,0,0,0,0
limpid-josh,M7@bmm,8044,1280,32669,1,32669,2236,NULL,19835198,19835198,19835198,19835195,LIMIT,BUY,1,695,2021-05-26T07:30:40.602,2021-05-26T07:30:40.608,07:30:40.602,07:30:40,1,750,695,-55,83.324,1,0,0,0,0,0,0,1,0
limpid-josh,M2@bmm,8039,1280,32669,1,32669,2236,NULL,19835199,19835199,19835199,19835200,LIMIT,BUY,2,100,2021-05-26T07:30:43.443,2021-05-26T07:30:45.619,07:30:43.443,07:30:43,0,750,0,#N/A,86.165,1,0,0,0,0,0,0,0,0
limpid-josh,M2@bmm,8039,1280,32669,1,32669,2236,NULL,19835200,19835199,19835200,19835199,CANCEL,BUY,2,100,2021-05-26T07:30:45.606,2021-05-26T07:30:45.618,07:30:45.606,07:30:45,0,750,0,#N/A,88.328,1,0,0,0,0,0,0,0,0
limpid-josh,M4@bmm,8041,1280,32669,1,32669,2236,NULL,19835201,19835201,19835201,NULL,LIMIT,BUY,1,605,2021-05-26T07:30:46.119,2021-05-26T07:30:46.122,07:30:46.119,07:30:46,0,750,0,#N/A,88.841,1,0,0,0,0,0,0,0,0
limpid-josh,M2@bmm,8039,1280,32669,1,32669,2236,NULL,19835202,19835196,19835202,19835196,CANCEL,BUY,1,100,2021-05-26T07:30:46.937,2021-05-26T07:30:46.943,07:30:46.937,07:30:46,0,750,0,#N/A,89.659,1,0,0,0,0,0,0,0,0
limpid-josh,M8@bmm,8045,1280,32669,1,32669,2236,NULL,19835203,19835203,19835203,0,LIMIT,SELL,1,590,2021-05-26T07:30:46.988,2021-05-26T07:30:46.996,07:30:46.988,07:30:46,0,750,0,#N/A,89.71,-1,0,0,0,0,0,0,0,0
limpid-josh,M8@bmm,8045,1280,32669,1,32669,2236,NULL,19835204,19835203,19835203,19835197,LIMIT,SELL,1,605,2021-05-26T07:30:46.993,2021-05-26T07:30:46.996,07:30:46.993,07:30:46,1,750,605,-145,89.715,-1,0,0,0,0,0,0,0,1
limpid-josh,M6@bmm,8043,1280,32669,1,32669,2236,NULL,19835205,19835205,19835205,19835210,LIMIT,BUY,1,700,2021-05-26T07:30:51.588,2021-05-26T07:31:06.277,07:30:51.588,07:30:51,0,750,0,#N/A,94.31,1,0,0,0,0,0,0,0,0
limpid-josh,M5@bmm,8042,1280,32669,1,32669,2236,NULL,19835206,19835206,19835206,0,LIMIT,BUY,1,735,2021-05-26T07:30:59.166,2021-05-26T07:30:59.175,07:30:59.166,07:30:59,0,750,0,#N/A,101.888,1,0,0,0,0,0,0,0,0
limpid-josh,M5@bmm,8042,1280,32669,1,32669,2236,NULL,19835207,19835206,19835206,19835178,LIMIT,BUY,1,715,2021-05-26T07:30:59.172,2021-05-26T07:30:59.175,07:30:59.172,07:30:59,1,750,715,-35,101.894,1,0,0,0,0,1,0,0,0
limpid-josh,M3@bmm,8040,1280,32669,1,32669,2236,NULL,19835208,19835208,19835208,19835212,LIMIT,BUY,1,610,2021-05-26T07:31:05.145,2021-05-26T07:31:14.231,07:31:05.145,07:31:05,0,750,0,#N/A,107.867,1,0,0,0,0,0,0,0,0
limpid-josh,M7@bmm,8044,1280,32669,1,32669,2236,NULL,19835209,19835209,19835209,0,LIMIT,SELL,1,405,2021-05-26T07:31:06.265,2021-05-26T07:31:06.277,07:31:06.265,07:31:06,0,750,0,#N/A,108.987,-1,0,0,0,0,0,0,0,0
limpid-josh,M7@bmm,8044,1280,32669,1,32669,2236,NULL,19835210,19835209,19835209,19835205,LIMIT,SELL,1,700,2021-05-26T07:31:06.274,2021-05-26T07:31:06.277,07:31:06.274,07:31:06,1,750,700,-50,108.996,-1,0,0,0,0,0,0,1,0
limpid-josh,M6@bmm,8043,1280,32669,1,32669,2236,NULL,19835211,19835211,19835211,NULL,LIMIT,SELL,1,855,2021-05-26T07:31:07.643,2021-05-26T07:31:07.647,07:31:07.643,07:31:07,0,750,0,#N/A,110.365,-1,0,0,0,0,0,0,0,0
limpid-josh,M8@bmm,8045,1280,32669,1,32669,2236,NULL,19835212,19835212,19835212,19835208,LIMIT,SELL,1,610,2021-05-26T07:31:14.222,2021-05-26T07:31:14.231,07:31:14.222,07:31:14,1,750,610,-140,116.944,-1,0,0,0,0,0,0,0,1
limpid-josh,M3@bmm,8040,1280,32669,1,32669,2236,NULL,19835213,19835213,19835213,19835214,LIMIT,BUY,1,610,2021-05-26T07:31:18.622,2021-05-26T07:31:18.723,07:31:18.622,07:31:18,0,750,0,#N/A,121.344,1,0,0,0,0,0,0,0,0
limpid-josh,M2@bmm,8039,1280,32669,1,32669,2236,NULL,19835214,19835214,19835214,19835213,LIMIT,SELL,1,610,2021-05-26T07:31:18.716,2021-05-26T07:31:18.723,07:31:18.716,07:31:18,1,750,610,-140,121.438,-1,0,1,0,0,0,0,0,0
limpid-josh,M4@bmm,8041,1280,32669,1,32669,2236,NULL,19835215,19835215,19835215,NULL,LIMIT,SELL,1,890,2021-05-26T07:31:18.915,2021-05-26T07:31:18.918,07:31:18.915,07:31:18,0,750,0,#N/A,121.637,-1,0,0,0,0,0,0,0,0
limpid-josh,M7@bmm,8044,1280,32669,1,32669,2236,NULL,19835216,19835216,19835216,19835162,LIMIT,BUY,1,745,2021-05-26T07:31:21.801,2021-05-26T07:31:21.809,07:31:21.801,07:31:21,1,750,745,-5,124.523,1,0,0,0,0,0,0,1,0
limpid-josh,M6@bmm,8043,1280,32669,1,32669,2236,NULL,19835217,19835217,19835217,NULL,LIMIT,SELL,1,790,2021-05-26T07:31:23.539,2021-05-26T07:31:23.542,07:31:23.539,07:31:23,0,750,0,#N/A,126.261,-1,0,0,0,0,0,0,0,0
limpid-josh,M3@bmm,8040,1280,32669,1,32669,2236,NULL,19835218,19835218,19835218,19835256,LIMIT,BUY,1,610,2021-05-26T07:31:27.245,2021-05-26T07:32:46.141,07:31:27.245,07:31:27,0,750,0,#N/A,129.967,1,0,0,0,0,0,0,0,0
limpid-josh,M5@bmm,8042,1280,32669,1,32669,2236,NULL,19835219,19835219,19835219,NULL,LIMIT,SELL,1,800,2021-05-26T07:31:29.799,2021-05-26T07:31:29.802,07:31:29.799,07:31:29,0,750,0,#N/A,132.521,-1,0,0,0,0,0,0,0,0
limpid-josh,M6@bmm,8043,1280,32669,1,32669,2236,NULL,19835220,19835220,19835220,19835251,LIMIT,SELL,1,765,2021-05-26T07:31:31.092,2021-05-26T07:32:36.003,07:31:31.092,07:31:31,0,750,0,#N/A,133.814,-1,0,0,0,0,0,0,0,0
limpid-josh,M8@bmm,8045,1280,32669,1,32669,2236,NULL,19835221,19835221,19835221,19835271,LIMIT,BUY,1,555,2021-05-26T07:31:31.265,2021-05-26T07:33:18.128,07:31:31.265,07:31:31,0,750,0,#N/A,133.987,1,0,0,0,0,0,0,0,0
limpid-josh,M4@bmm,8041,1280,32669,1,32669,2236,NULL,19835222,19835222,19835222,NULL,LIMIT,BUY,1,685,2021-05-26T07:31:33.891,2021-05-26T07:31:33.894,07:31:33.891,07:31:33,0,750,0,#N/A,136.613,1,0,0,0,0,0,0,0,0
limpid-josh,M1@bmm,8038,1280,32669,1,32669,2236,NULL,19835223,19835223,19835223,19835282,LIMIT,BUY,1,620,2021-05-26T07:31:34.237,2021-05-26T07:33:38.993,07:31:34.237,07:31:34,0,750,0,#N/A,136.959,1,0,0,0,0,0,0,0,0
limpid-josh,M2@bmm,8039,1280,32669,1,32669,2236,NULL,19835224,19835224,19835224,19835230,LIMIT,BUY,1,25,2021-05-26T07:31:37.798,2021-05-26T07:31:52.203,07:31:37.798,07:31:37,0,750,0,#N/A,140.52,1,0,0,0,0,0,0,0,0
limpid-josh,M4@bmm,8041,1280,32669,1,32669,2236,NULL,19835225,19835225,19835225,NULL,LIMIT,BUY,1,635,2021-05-26T07:31:42.771,2021-05-26T07:31:42.774,07:31:42.771,07:31:42,0,750,0,#N/A,145.493,1,0,0,0,0,0,0,0,0
limpid-josh,M8@bmm,8045,1280,32669,1,32669,2236,NULL,19835226,19835226,19835226,19835228,LIMIT,SELL,1,700,2021-05-26T07:31:43.699,2021-05-26T07:31:45.258,07:31:43.699,07:31:43,0,750,0,#N/A,146.421,-1,0,0,0,0,0,0,0,0
limpid-josh,M7@bmm,8044,1280,32669,1,32669,2236,NULL,19835227,19835227,19835227,0,LIMIT,BUY,1,765,2021-05-26T07:31:45.246,2021-05-26T07:31:45.258,07:31:45.246,07:31:45,0,750,0,#N/A,147.968,1,0,0,0,0,0,0,0,0
limpid-josh,M7@bmm,8044,1280,32669,1,32669,2236,NULL,19835228,19835227,19835227,19835226,LIMIT,BUY,1,700,2021-05-26T07:31:45.253,2021-05-26T07:31:45.258,07:31:45.253,07:31:45,1,750,700,-50,147.975,1,0,0,0,0,0,0,1,0
limpid-josh,M4@bmm,8041,1280,32669,1,32669,2236,NULL,19835229,19835229,19835229,NULL,LIMIT,BUY,1,635,2021-05-26T07:31:51.124,2021-05-26T07:31:51.128,07:31:51.124,07:31:51,0,750,0,#N/A,153.846,1,0,0,0,0,0,0,0,0
limpid-josh,M2@bmm,8039,1280,32669,1,32669,2236,NULL,19835230,19835224,19835230,19835224,CANCEL,BUY,1,25,2021-05-26T07:31:52.196,2021-05-26T07:31:52.203,07:31:52.196,07:31:52,0,750,0,#N/A,154.918,1,0,0,0,0,0,0,0,0
limpid-josh,M8@bmm,8045,1280,32669,1,32669,2236,NULL,19835231,19835231,19835231,19835239,LIMIT,SELL,1,760,2021-05-26T07:31:55.214,2021-05-26T07:32:11.090,07:31:55.214,07:31:55,0,750,0,#N/A,157.936,-1,0,0,0,0,0,0,0,0
limpid-josh,M4@bmm,8041,1280,32669,1,32669,2236,NULL,19835232,19835232,19835232,NULL,LIMIT,BUY,1,655,2021-05-26T07:31:55.916,2021-05-26T07:31:55.918,07:31:55.916,07:31:55,0,750,0,#N/A,158.638,1,0,0,0,0,0,0,0,0
limpid-josh,M3@bmm,8040,1280,32669,1,32669,2236,NULL,19835233,19835233,19835233,19835242,LIMIT,SELL,1,760,2021-05-26T07:31:58.734,2021-05-26T07:32:17.155,07:31:58.734,07:31:58,0,750,0,#N/A,161.456,-1,0,0,0,0,0,0,0,0
limpid-josh,M7@bmm,8044,1280,32669,1,32669,2236,NULL,19835234,19835234,19835234,19835245,LIMIT,SELL,1,760,2021-05-26T07:32:00.065,2021-05-26T07:32:24.689,07:32:00.065,07:32:00,0,750,0,#N/A,162.787,-1,0,0,0,0,0,0,0,0
limpid-josh,M2@bmm,8039,1280,32669,1,32669,2236,NULL,19835235,19835235,19835235,19835237,LIMIT,BUY,1,590,2021-05-26T07:32:00.363,2021-05-26T07:32:07.468,07:32:00.363,07:32:00,0,750,0,#N/A,163.085,1,0,0,0,0,0,0,0,0
limpid-josh,M7@bmm,8044,1280,32669,1,32669,2236,NULL,19835236,19835189,19835236,19835189,CANCEL,SELL,1,775,2021-05-26T07:32:06.756,2021-05-26T07:32:06.762,07:32:06.756,07:32:06,0,750,0,#N/A,169.478,-1,0,0,0,0,0,0,0,0
limpid-josh,M2@bmm,8039,1280,32669,1,32669,2236,NULL,19835237,19835235,19835237,19835235,CANCEL,BUY,1,590,2021-05-26T07:32:07.462,2021-05-26T07:32:07.468,07:32:07.462,07:32:07,0,750,0,#N/A,170.184,1,0,0,0,0,0,0,0,0
limpid-josh,M4@bmm,8041,1280,32669,1,32669,2236,NULL,19835238,19835238,19835238,NULL,LIMIT,BUY,1,685,2021-05-26T07:32:07.524,2021-05-26T07:32:07.526,07:32:07.524,07:32:07,0,750,0,#N/A,170.246,1,0,0,0,0,0,0,0,0
limpid-josh,M7@bmm,8044,1280,32669,1,32669,2236,NULL,19835239,19835239,19835239,19835231,LIMIT,BUY,1,760,2021-05-26T07:32:11.082,2021-05-26T07:32:11.089,07:32:11.082,07:32:11,1,750,760,10,173.804,1,0,0,0,0,0,0,1,0
limpid-josh,M8@bmm,8045,1280,32669,1,32669,2236,NULL,19835240,19835240,19835240,19835248,LIMIT,BUY,1,695,2021-05-26T07:32:12.435,2021-05-26T07:32:29.637,07:32:12.435,07:32:12,0,750,0,#N/A,175.157,1,0,0,0,0,0,0,0,0
limpid-josh,M7@bmm,8044,1280,32669,1,32669,2236,NULL,19835241,19835241,19835241,0,LIMIT,BUY,1,765,2021-05-26T07:32:17.146,2021-05-26T07:32:17.155,07:32:17.146,07:32:17,0,750,0,#N/A,179.868,1,0,0,0,0,0,0,0,0
limpid-josh,M7@bmm,8044,1280,32669,1,32669,2236,NULL,19835242,19835241,19835241,19835233,LIMIT,BUY,1,760,2021-05-26T07:32:17.152,2021-05-26T07:32:17.155,07:32:17.152,07:32:17,1,750,760,10,179.874,1,0,0,0,0,0,0,1,0
limpid-josh,M4@bmm,8041,1280,32669,1,32669,2236,NULL,19835243,19835243,19835243,19835259,LIMIT,BUY,1,700,2021-05-26T07:32:22.797,2021-05-26T07:32:50.552,07:32:22.797,07:32:22,0,750,0,#N/A,185.519,1,0,0,0,0,0,0,0,0
limpid-josh,M7@bmm,8044,1280,32669,1,32669,2236,NULL,19835244,19835244,19835244,0,LIMIT,BUY,1,795,2021-05-26T07:32:24.673,2021-05-26T07:32:24.682,07:32:24.673,07:32:24,0,750,0,#N/A,187.395,1,0,0,0,0,0,0,0,0
limpid-josh,M7@bmm,8044,1280,32669,1,32669,2236,NULL,19835245,19835244,19835244,19835234,LIMIT,BUY,1,760,2021-05-26T07:32:24.680,2021-05-26T07:32:24.683,07:32:24.680,07:32:24,1,750,760,10,187.402,1,0,0,0,0,0,0,1,0
limpid-josh,M5@bmm,8042,1280,32669,1,32669,2236,NULL,19835246,19835246,19835246,19835264,LIMIT,SELL,1,750,2021-05-26T07:32:26.295,2021-05-26T07:33:00.636,07:32:26.295,07:32:26,0,750,0,#N/A,189.017,-1,0,0,0,0,0,0,0,0
limpid-josh,M8@bmm,8045,1280,32669,1,32669,2236,NULL,19835247,19835247,19835247,19835262,LIMIT,SELL,1,745,2021-05-26T07:32:27.280,2021-05-26T07:32:59.966,07:32:27.280,07:32:27,0,750,0,#N/A,190.002,-1,0,0,0,0,0,0,0,0
limpid-josh,M8@bmm,8045,1280,32669,1,32669,2236,NULL,19835248,19835240,19835248,19835240,CANCEL,BUY,1,695,2021-05-26T07:32:29.631,2021-05-26T07:32:29.636,07:32:29.631,07:32:29,0,750,0,#N/A,192.353,1,0,0,0,0,0,0,0,0
limpid-josh,M2@bmm,8039,1280,32669,1,32669,2236,NULL,19835249,19835249,19835249,19835254,LIMIT,BUY,1,415,2021-05-26T07:32:34.189,2021-05-26T07:32:37.398,07:32:34.189,07:32:34,0,750,0,#N/A,196.911,1,0,0,0,0,0,0,0,0
limpid-josh,M8@bmm,8045,1280,32669,1,32669,2236,NULL,19835250,19835169,19835250,19835169,CANCEL,BUY,1,100,2021-05-26T07:32:35.910,2021-05-26T07:32:35.916,07:32:35.910,07:32:35,0,750,0,#N/A,198.632,1,0,0,0,0,0,0,0,0
limpid-josh,M6@bmm,8043,1280,32669,1,32669,2236,NULL,19835251,19835220,19835251,19835220,CANCEL,SELL,1,765,2021-05-26T07:32:35.997,2021-05-26T07:32:36.003,07:32:35.997,07:32:35,0,750,0,#N/A,198.719,-1,0,0,0,0,0,0,0,0
limpid-josh,M7@bmm,8044,1280,32669,1,32669,2236,NULL,19835252,19835252,19835252,NULL,LIMIT,SELL,1,890,2021-05-26T07:32:36.280,2021-05-26T07:32:36.283,07:32:36.280,07:32:36,0,750,0,#N/A,199.002,-1,0,0,0,0,0,0,0,0
limpid-josh,M8@bmm,8045,1280,32669,1,32669,2236,NULL,19835253,19835156,19835253,19835156,CANCEL,BUY,1,25,2021-05-26T07:32:36.887,2021-05-26T07:32:36.893,07:32:36.887,07:32:36,0,750,0,#N/A,199.609,1,0,0,0,0,0,0,0,0
limpid-josh,M2@bmm,8039,1280,32669,1,32669,2236,NULL,19835254,19835249,19835254,19835249,CANCEL,BUY,1,415,2021-05-26T07:32:37.392,2021-05-26T07:32:37.397,07:32:37.392,07:32:37,0,750,0,#N/A,200.114,1,0,0,0,0,0,0,0,0
limpid-josh,M4@bmm,8041,1280,32669,1,32669,2236,NULL,19835255,19835255,19835255,19835275,LIMIT,BUY,1,700,2021-05-26T07:32:40.116,2021-05-26T07:33:24.140,07:32:40.116,07:32:40,0,750,0,#N/A,202.838,1,0,0,0,0,0,0,0,0
limpid-josh,M3@bmm,8040,1280,32669,1,32669,2236,NULL,19835256,19835218,19835256,19835218,CANCEL,BUY,1,610,2021-05-26T07:32:46.135,2021-05-26T07:32:46.141,07:32:46.135,07:32:46,0,750,0,#N/A,208.857,1,0,0,0,0,0,0,0,0
limpid-josh,M3@bmm,8040,1280,32669,1,32669,2236,NULL,19835257,19835174,19835257,19835174,CANCEL,BUY,1,490,2021-05-26T07:32:48.832,2021-05-26T07:32:48.839,07:32:48.832,07:32:48,0,750,0,#N/A,211.554,1,0,0,0,0,0,0,0,0
limpid-josh,M2@bmm,8039,1280,32669,1,32669,2236,NULL,19835258,19835258,19835258,0,LIMIT,SELL,1,635,2021-05-26T07:32:50.542,2021-05-26T07:32:50.552,07:32:50.542,07:32:50,0,750,0,#N/A,213.264,-1,0,0,0,0,0,0,0,0
limpid-josh,M2@bmm,8039,1280,32669,1,32669,2236,NULL,19835259,19835258,19835258,19835243,LIMIT,SELL,1,700,2021-05-26T07:32:50.549,2021-05-26T07:32:50.552,07:32:50.549,07:32:50,1,750,700,-50,213.271,-1,0,1,0,0,0,0,0,0
limpid-josh,M4@bmm,8041,1280,32669,1,32669,2236,NULL,19835260,19835260,19835260,NULL,LIMIT,BUY,1,675,2021-05-26T07:32:53.339,2021-05-26T07:32:53.342,07:32:53.339,07:32:53,0,750,0,#N/A,216.061,1,0,0,0,0,0,0,0,0
limpid-josh,M6@bmm,8043,1280,32669,1,32669,2236,NULL,19835261,19835261,19835261,NULL,LIMIT,BUY,1,625,2021-05-26T07:32:54.541,2021-05-26T07:32:54.544,07:32:54.541,07:32:54,0,750,0,#N/A,217.263,1,0,0,0,0,0,0,0,0
limpid-josh,M5@bmm,8042,1280,32669,1,32669,2236,NULL,19835262,19835262,19835262,19835247,LIMIT,BUY,1,745,2021-05-26T07:32:59.960,2021-05-26T07:32:59.965,07:32:59.960,07:32:59,1,750,745,-5,222.682,1,0,0,0,0,1,0,0,0
limpid-josh,M7@bmm,8044,1280,32669,1,32669,2236,NULL,19835263,19835263,19835263,0,LIMIT,BUY,1,790,2021-05-26T07:33:00.617,2021-05-26T07:33:00.632,07:33:00.617,07:33:00,0,750,0,#N/A,223.339,1,0,0,0,0,0,0,0,0
limpid-josh,M7@bmm,8044,1280,32669,1,32669,2236,NULL,19835264,19835263,19835263,19835246,LIMIT,BUY,1,750,2021-05-26T07:33:00.629,2021-05-26T07:33:00.636,07:33:00.629,07:33:00,1,750,750,0,223.351,1,0,0,0,0,0,0,1,0
limpid-josh,M3@bmm,8040,1280,32669,1,32669,2236,NULL,19835265,19835265,19835265,NULL,LIMIT,BUY,1,515,2021-05-26T07:33:04.590,2021-05-26T07:33:04.593,07:33:04.590,07:33:04,0,750,0,#N/A,227.312,1,0,0,0,0,0,0,0,0
limpid-josh,M2@bmm,8039,1280,32669,1,32669,2236,NULL,19835266,19835266,19835266,19835267,LIMIT,SELL,2,790,2021-05-26T07:33:08.398,2021-05-26T07:33:10.893,07:33:08.398,07:33:08,0,750,0,#N/A,231.12,-1,0,0,0,0,0,0,0,0
limpid-josh,M2@bmm,8039,1280,32669,1,32669,2236,NULL,19835267,19835266,19835267,19835266,CANCEL,SELL,2,790,2021-05-26T07:33:10.887,2021-05-26T07:33:10.893,07:33:10.887,07:33:10,0,750,0,#N/A,233.609,-1,0,0,0,0,0,0,0,0
limpid-josh,M8@bmm,8045,1280,32669,1,32669,2236,NULL,19835268,19835268,19835268,NULL,LIMIT,SELL,1,780,2021-05-26T07:33:11.483,2021-05-26T07:33:11.485,07:33:11.483,07:33:11,0,750,0,#N/A,234.205,-1,0,0,0,0,0,0,0,0
limpid-josh,M6@bmm,8043,1280,32669,1,32669,2236,NULL,19835269,19835269,19835269,NULL,LIMIT,SELL,1,800,2021-05-26T07:33:13.963,2021-05-26T07:33:13.966,07:33:13.963,07:33:13,0,750,0,#N/A,236.685,-1,0,0,0,0,0,0,0,0
limpid-josh,M2@bmm,8039,1280,32669,1,32669,2236,NULL,19835270,19835270,19835270,19835272,LIMIT,BUY,1,555,2021-05-26T07:33:16.726,2021-05-26T07:33:20.014,07:33:16.726,07:33:16,0,750,0,#N/A,239.448,1,0,0,0,0,0,0,0,0
limpid-josh,M8@bmm,8045,1280,32669,1,32669,2236,NULL,19835271,19835221,19835271,19835221,CANCEL,BUY,1,555,2021-05-26T07:33:18.120,2021-05-26T07:33:18.128,07:33:18.120,07:33:18,0,750,0,#N/A,240.842,1,0,0,0,0,0,0,0,0
limpid-josh,M2@bmm,8039,1280,32669,1,32669,2236,NULL,19835272,19835270,19835272,19835270,CANCEL,BUY,1,555,2021-05-26T07:33:20.006,2021-05-26T07:33:20.014,07:33:20.006,07:33:20,0,750,0,#N/A,242.728,1,0,0,0,0,0,0,0,0
limpid-josh,M2@bmm,8039,1280,32669,1,32669,2236,NULL,19835273,19835273,19835273,19835294,LIMIT,BUY,2,685,2021-05-26T07:33:22.101,2021-05-26T07:34:05.150,07:33:22.101,07:33:22,0,750,0,#N/A,244.823,1,0,0,0,0,0,0,0,0
limpid-josh,M7@bmm,8044,1280,32669,1,32669,2236,NULL,19835274,19835274,19835274,0,LIMIT,SELL,1,665,2021-05-26T07:33:24.131,2021-05-26T07:33:24.139,07:33:24.131,07:33:24,0,750,0,#N/A,246.853,-1,0,0,0,0,0,0,0,0
limpid-josh,M7@bmm,8044,1280,32669,1,32669,2236,NULL,19835275,19835274,19835274,19835255,LIMIT,SELL,1,700,2021-05-26T07:33:24.137,2021-05-26T07:33:24.140,07:33:24.137,07:33:24,1,750,700,-50,246.859,-1,0,0,0,0,0,0,1,0
limpid-josh,M4@bmm,8041,1280,32669,1,32669,2236,NULL,19835276,19835276,19835276,19835277,LIMIT,BUY,1,765,2021-05-26T07:33:24.291,2021-05-26T07:33:33.495,07:33:24.291,07:33:24,0,750,0,#N/A,247.013,1,0,0,0,0,0,0,0,0
limpid-josh,M4@bmm,8041,1280,32669,1,32669,2236,NULL,19835277,19835276,19835277,19835276,CANCEL,BUY,1,765,2021-05-26T07:33:33.489,2021-05-26T07:33:33.495,07:33:33.489,07:33:33,0,750,0,#N/A,256.211,1,0,0,0,0,0,0,0,0
limpid-josh,M5@bmm,8042,1280,32669,1,32669,2236,NULL,19835278,19835278,19835278,19835281,LIMIT,SELL,1,760,2021-05-26T07:33:33.504,2021-05-26T07:33:35.499,07:33:33.504,07:33:33,0,750,0,#N/A,256.226,-1,0,0,0,0,0,0,0,0
limpid-josh,M4@bmm,8041,1280,32669,1,32669,2236,NULL,19835279,19835279,19835279,19835286,LIMIT,BUY,1,715,2021-05-26T07:33:34.460,2021-05-26T07:33:48.783,07:33:34.460,07:33:34,0,750,0,#N/A,257.182,1,0,0,0,0,0,0,0,0
limpid-josh,M7@bmm,8044,1280,32669,1,32669,2236,NULL,19835280,19835280,19835280,0,LIMIT,BUY,1,810,2021-05-26T07:33:35.490,2021-05-26T07:33:35.499,07:33:35.490,07:33:35,0,750,0,#N/A,258.212,1,0,0,0,0,0,0,0,0
limpid-josh,M7@bmm,8044,1280,32669,1,32669,2236,NULL,19835281,19835280,19835280,19835278,LIMIT,BUY,1,760,2021-05-26T07:33:35.495,2021-05-26T07:33:35.499,07:33:35.495,07:33:35,1,750,760,10,258.217,1,0,0,0,0,0,0,1,0
limpid-josh,M1@bmm,8038,1280,32669,1,32669,2236,NULL,19835282,19835223,19835282,19835223,CANCEL,BUY,1,620,2021-05-26T07:33:38.987,2021-05-26T07:33:38.993,07:33:38.987,07:33:38,0,750,0,#N/A,261.709,1,0,0,0,0,0,0,0,0
limpid-josh,M1@bmm,8038,1280,32669,1,32669,2236,NULL,19835283,19835283,19835283,NULL,LIMIT,BUY,1,685,2021-05-26T07:33:44.476,2021-05-26T07:33:44.478,07:33:44.476,07:33:44,0,750,0,#N/A,267.198,1,0,0,0,0,0,0,0,0
limpid-josh,M8@bmm,8045,1280,32669,1,32669,2236,NULL,19835284,19835284,19835284,NULL,LIMIT,SELL,1,775,2021-05-26T07:33:46.053,2021-05-26T07:33:46.057,07:33:46.053,07:33:46,0,750,0,#N/A,268.775,-1,0,0,0,0,0,0,0,0
limpid-josh,M2@bmm,8039,1280,32669,1,32669,2236,NULL,19835285,19835285,19835285,0,LIMIT,SELL,1,705,2021-05-26T07:33:48.774,2021-05-26T07:33:48.783,07:33:48.774,07:33:48,0,750,0,#N/A,271.496,-1,0,0,0,0,0,0,0,0
limpid-josh,M2@bmm,8039,1280,32669,1,32669,2236,NULL,19835286,19835285,19835285,19835279,LIMIT,SELL,1,715,2021-05-26T07:33:48.780,2021-05-26T07:33:48.783,07:33:48.780,07:33:48,1,750,715,-35,271.502,-1,0,1,0,0,0,0,0,0
limpid-josh,M4@bmm,8041,1280,32669,1,32669,2236,NULL,19835287,19835287,19835287,19835289,LIMIT,BUY,1,715,2021-05-26T07:33:49.420,2021-05-26T07:33:54.473,07:33:49.420,07:33:49,0,750,0,#N/A,272.142,1,0,0,0,0,0,0,0,0
limpid-josh,M5@bmm,8042,1280,32669,1,32669,2236,NULL,19835288,19835288,19835288,NULL,LIMIT,SELL,1,775,2021-05-26T07:33:49.486,2021-05-26T07:33:49.488,07:33:49.486,07:33:49,0,750,0,#N/A,272.208,-1,0,0,0,0,0,0,0,0
limpid-josh,M4@bmm,8041,1280,32669,1,32669,2236,NULL,19835289,19835287,19835289,19835287,CANCEL,BUY,1,715,2021-05-26T07:33:54.467,2021-05-26T07:33:54.473,07:33:54.467,07:33:54,0,750,0,#N/A,277.189,1,0,0,0,0,0,0,0,0
limpid-josh,M4@bmm,8041,1280,32669,1,32669,2236,NULL,19835290,19835290,19835290,NULL,LIMIT,BUY,1,690,2021-05-26T07:33:57.821,2021-05-26T07:33:57.824,07:33:57.821,07:33:57,0,750,0,#N/A,280.543,1,0,0,0,0,0,0,0,0
limpid-josh,M2@bmm,8039,1280,32669,1,32669,2236,NULL,19835291,19835291,19835291,19835293,LIMIT,SELL,1,700,2021-05-26T07:33:58.229,2021-05-26T07:34:00.773,07:33:58.229,07:33:58,0,750,0,#N/A,280.951,-1,0,0,0,0,0,0,0,0
limpid-josh,M7@bmm,8044,1280,32669,1,32669,2236,NULL,19835292,19835292,19835292,0,LIMIT,BUY,1,790,2021-05-26T07:34:00.762,2021-05-26T07:34:00.772,07:34:00.762,07:34:00,0,750,0,#N/A,283.484,1,0,0,0,0,0,0,0,0
limpid-josh,M7@bmm,8044,1280,32669,1,32669,2236,NULL,19835293,19835292,19835292,19835291,LIMIT,BUY,1,700,2021-05-26T07:34:00.769,2021-05-26T07:34:00.773,07:34:00.769,07:34:00,1,750,700,-50,283.491,1,0,0,0,0,0,0,1,0
limpid-josh,M2@bmm,8039,1280,32669,1,32669,2236,NULL,19835294,19835273,19835294,19835273,CANCEL,BUY,2,685,2021-05-26T07:34:05.144,2021-05-26T07:34:05.149,07:34:05.144,07:34:05,0,750,0,#N/A,287.866,1,0,0,0,0,0,0,0,0
limpid-josh,M4@bmm,8041,1280,32669,1,32669,2236,NULL,19835295,19835295,19835295,NULL,LIMIT,BUY,1,690,2021-05-26T07:34:05.700,2021-05-26T07:34:05.703,07:34:05.700,07:34:05,0,750,0,#N/A,288.422,1,0,0,0,0,0,0,0,0
limpid-josh,M8@bmm,8045,1280,32670,2,32670,2236,NULL,19835296,19835296,19835296,19835307,LIMIT,BUY,1,35,2021-05-26T07:34:40.165,2021-05-26T07:34:55.556,07:34:40.165,07:34:40,0,700,0,#N/A,322.887,1,0,0,0,0,0,0,0,0
limpid-josh,M4@bmm,8041,1280,32670,2,32670,2236,NULL,19835297,19835297,19835297,NULL,LIMIT,SELL,1,800,2021-05-26T07:34:41.549,2021-05-26T07:34:41.551,07:34:41.549,07:34:41,0,700,0,#N/A,324.271,-1,0,0,0,0,0,0,0,0
limpid-josh,M3@bmm,8040,1280,32670,2,32670,2236,NULL,19835298,19835298,19835298,19835360,LIMIT,BUY,1,400,2021-05-26T07:34:42.383,2021-05-26T07:36:18.561,07:34:42.383,07:34:42,0,700,0,#N/A,325.105,1,0,0,0,0,0,0,0,0
limpid-josh,M6@bmm,8043,1280,32670,2,32670,2236,NULL,19835299,19835299,19835299,NULL,LIMIT,BUY,1,545,2021-05-26T07:34:43.862,2021-05-26T07:34:43.865,07:34:43.862,07:34:43,0,700,0,#N/A,326.584,1,0,0,0,0,0,0,0,0
limpid-josh,M2@bmm,8039,1280,32670,2,32670,2236,NULL,19835300,19835300,19835300,19835303,LIMIT,BUY,1,465,2021-05-26T07:34:45.933,2021-05-26T07:34:52.856,07:34:45.933,07:34:45,0,700,0,#N/A,328.655,1,0,0,0,0,0,0,0,0
limpid-josh,M8@bmm,8045,1280,32670,2,32670,2236,NULL,19835301,19835301,19835301,19835341,LIMIT,SELL,1,795,2021-05-26T07:34:47.620,2021-05-26T07:35:52.022,07:34:47.620,07:34:47,0,700,0,#N/A,330.342,-1,0,0,0,0,0,0,0,0
limpid-josh,M4@bmm,8041,1280,32670,2,32670,2236,NULL,19835302,19835302,19835302,19835305,LIMIT,SELL,1,790,2021-05-26T07:34:47.684,2021-05-26T07:34:53.029,07:34:47.684,07:34:47,0,700,0,#N/A,330.406,-1,0,0,0,0,0,0,0,0
limpid-josh,M2@bmm,8039,1280,32670,2,32670,2236,NULL,19835303,19835300,19835303,19835300,CANCEL,BUY,1,465,2021-05-26T07:34:52.850,2021-05-26T07:34:52.855,07:34:52.850,07:34:52,0,700,0,#N/A,335.572,1,0,0,0,0,0,0,0,0
limpid-josh,M7@bmm,8044,1280,32670,2,32670,2236,NULL,19835304,19835304,19835304,0,LIMIT,BUY,1,800,2021-05-26T07:34:53.019,2021-05-26T07:34:53.029,07:34:53.019,07:34:53,0,700,0,#N/A,335.741,1,0,0,0,0,0,0,0,0
limpid-josh,M7@bmm,8044,1280,32670,2,32670,2236,NULL,19835305,19835304,19835304,19835302,LIMIT,BUY,1,790,2021-05-26T07:34:53.026,2021-05-26T07:34:53.029,07:34:53.026,07:34:53,1,700,790,90,335.748,1,0,0,0,0,0,0,1,0
limpid-josh,M8@bmm,8045,1280,32670,2,32670,2236,NULL,19835306,19835306,19835306,19835309,LIMIT,SELL,1,775,2021-05-26T07:34:53.177,2021-05-26T07:34:58.907,07:34:53.177,07:34:53,0,700,0,#N/A,335.899,-1,0,0,0,0,0,0,0,0
limpid-josh,M8@bmm,8045,1280,32670,2,32670,2236,NULL,19835307,19835296,19835307,19835296,CANCEL,BUY,1,35,2021-05-26T07:34:55.550,2021-05-26T07:34:55.556,07:34:55.550,07:34:55,0,700,0,#N/A,338.272,1,0,0,0,0,0,0,0,0
limpid-josh,M7@bmm,8044,1280,32670,2,32670,2236,NULL,19835308,19835308,19835308,0,LIMIT,BUY,1,810,2021-05-26T07:34:58.898,2021-05-26T07:34:58.907,07:34:58.898,07:34:58,0,700,0,#N/A,341.62,1,0,0,0,0,0,0,0,0
limpid-josh,M7@bmm,8044,1280,32670,2,32670,2236,NULL,19835309,19835308,19835308,19835306,LIMIT,BUY,1,775,2021-05-26T07:34:58.904,2021-05-26T07:34:58.908,07:34:58.904,07:34:58,1,700,775,75,341.626,1,0,0,0,0,0,0,1,0
limpid-josh,M4@bmm,8041,1280,32670,2,32670,2236,NULL,19835310,19835310,19835310,NULL,LIMIT,BUY,2,605,2021-05-26T07:34:58.918,2021-05-26T07:34:58.920,07:34:58.918,07:34:58,0,700,0,#N/A,341.64,1,0,0,0,0,0,0,0,0
limpid-josh,M5@bmm,8042,1280,32670,2,32670,2236,NULL,19835311,19835311,19835311,19835327,LIMIT,SELL,1,765,2021-05-26T07:34:59.120,2021-05-26T07:35:26.532,07:34:59.120,07:34:59,0,700,0,#N/A,341.842,-1,0,0,0,0,0,0,0,0
limpid-josh,M8@bmm,8045,1280,32670,2,32670,2236,NULL,19835312,19835312,19835312,19835375,LIMIT,SELL,1,765,2021-05-26T07:34:59.285,2021-05-26T07:36:43.663,07:34:59.285,07:34:59,0,700,0,#N/A,342.007,-1,0,0,0,0,0,0,0,0
limpid-josh,M5@bmm,8042,1280,32670,2,32670,2236,NULL,19835313,19835313,19835313,19835359,LIMIT,SELL,1,765,2021-05-26T07:34:59.347,2021-05-26T07:36:15.875,07:34:59.347,07:34:59,0,700,0,#N/A,342.069,-1,0,0,0,0,0,0,0,0
limpid-josh,M2@bmm,8039,1280,32670,2,32670,2236,NULL,19835314,19835314,19835314,19835323,LIMIT,BUY,1,650,2021-05-26T07:35:01.911,2021-05-26T07:35:24.624,07:35:01.911,07:35:01,0,700,0,#N/A,344.633,1,0,0,0,0,0,0,0,0
limpid-josh,M6@bmm,8043,1280,32670,2,32670,2236,NULL,19835315,19835315,19835315,19835319,LIMIT,BUY,1,670,2021-05-26T07:35:07.770,2021-05-26T07:35:14.109,07:35:07.770,07:35:07,0,700,0,#N/A,350.492,1,0,0,0,0,0,0,0,0
limpid-josh,M4@bmm,8041,1280,32670,2,32670,2236,NULL,19835316,19835316,19835316,NULL,LIMIT,BUY,2,610,2021-05-26T07:35:09.628,2021-05-26T07:35:09.631,07:35:09.628,07:35:09,0,700,0,#N/A,352.35,1,0,0,0,0,0,0,0,0
limpid-josh,M8@bmm,8045,1280,32670,2,32670,2236,NULL,19835317,19835317,19835317,19835325,LIMIT,BUY,1,590,2021-05-26T07:35:11.953,2021-05-26T07:35:24.859,07:35:11.953,07:35:11,0,700,0,#N/A,354.675,1,0,0,0,0,0,0,0,0
limpid-josh,M7@bmm,8044,1280,32670,2,32670,2236,NULL,19835318,19835318,19835318,0,LIMIT,SELL,1,555,2021-05-26T07:35:14.100,2021-05-26T07:35:14.109,07:35:14.100,07:35:14,0,700,0,#N/A,356.822,-1,0,0,0,0,0,0,0,0
limpid-josh,M7@bmm,8044,1280,32670,2,32670,2236,NULL,19835319,19835318,19835318,19835315,LIMIT,SELL,1,670,2021-05-26T07:35:14.106,2021-05-26T07:35:14.109,07:35:14.106,07:35:14,1,700,670,-30,356.828,-1,0,0,0,0,0,0,1,0
limpid-josh,M2@bmm,8039,1280,32670,2,32670,2236,NULL,19835320,19835320,19835320,19835333,LIMIT,SELL,1,795,2021-05-26T07:35:20.423,2021-05-26T07:35:36.440,07:35:20.423,07:35:20,0,700,0,#N/A,363.145,-1,0,0,0,0,0,0,0,0
limpid-josh,M8@bmm,8045,1280,32670,2,32670,2236,NULL,19835321,19835321,19835321,19835324,LIMIT,BUY,1,650,2021-05-26T07:35:23.279,2021-05-26T07:35:24.624,07:35:23.279,07:35:23,0,700,0,#N/A,366.001,1,0,0,0,0,0,0,0,0
limpid-josh,M4@bmm,8041,1280,32670,2,32670,2236,NULL,19835322,19835322,19835322,0,LIMIT,SELL,2,630,2021-05-26T07:35:24.611,2021-05-26T07:35:24.624,07:35:24.611,07:35:24,0,700,0,#N/A,367.333,-1,0,0,0,0,0,0,0,0
limpid-josh,M4@bmm,8041,1280,32670,2,32670,2236,NULL,19835323,19835322,19835322,19835314,LIMIT,SELL,1,650,2021-05-26T07:35:24.618,2021-05-26T07:35:24.624,07:35:24.618,07:35:24,1,700,650,-50,367.34,-1,0,0,0,1,0,0,0,0
limpid-josh,M4@bmm,8041,1280,32670,2,32670,2236,NULL,19835324,19835322,19835322,19835321,LIMIT,SELL,1,650,2021-05-26T07:35:24.621,2021-05-26T07:35:24.625,07:35:24.621,07:35:24,1,700,650,-50,367.343,-1,0,0,0,1,0,0,0,0
limpid-josh,M8@bmm,8045,1280,32670,2,32670,2236,NULL,19835325,19835317,19835325,19835317,CANCEL,BUY,1,590,2021-05-26T07:35:24.853,2021-05-26T07:35:24.859,07:35:24.853,07:35:24,0,700,0,#N/A,367.575,1,0,0,0,0,0,0,0,0
limpid-josh,M7@bmm,8044,1280,32670,2,32670,2236,NULL,19835326,19835326,19835326,0,LIMIT,BUY,1,830,2021-05-26T07:35:26.521,2021-05-26T07:35:26.531,07:35:26.521,07:35:26,0,700,0,#N/A,369.243,1,0,0,0,0,0,0,0,0
limpid-josh,M7@bmm,8044,1280,32670,2,32670,2236,NULL,19835327,19835326,19835326,19835311,LIMIT,BUY,1,765,2021-05-26T07:35:26.528,2021-05-26T07:35:26.532,07:35:26.528,07:35:26,1,700,765,65,369.25,1,0,0,0,0,0,0,1,0
limpid-josh,M3@bmm,8040,1280,32670,2,32670,2236,NULL,19835328,19835328,19835328,19835357,LIMIT,SELL,1,775,2021-05-26T07:35:28.766,2021-05-26T07:36:11.961,07:35:28.766,07:35:28,0,700,0,#N/A,371.488,-1,0,0,0,0,0,0,0,0
limpid-josh,M6@bmm,8043,1280,32670,2,32670,2236,NULL,19835329,19835329,19835329,NULL,LIMIT,SELL,1,765,2021-05-26T07:35:29.244,2021-05-26T07:35:29.247,07:35:29.244,07:35:29,0,700,0,#N/A,371.966,-1,0,0,0,0,0,0,0,0
limpid-josh,M1@bmm,8038,1280,32670,2,32670,2236,NULL,19835330,19835330,19835330,19835440,LIMIT,BUY,1,650,2021-05-26T07:35:30.425,2021-05-26T07:39:01.768,07:35:30.425,07:35:30,0,700,0,#N/A,373.147,1,0,0,0,0,0,0,0,0
limpid-josh,M4@bmm,8041,1280,32670,2,32670,2236,NULL,19835331,19835331,19835331,NULL,LIMIT,BUY,2,625,2021-05-26T07:35:33.843,2021-05-26T07:35:33.845,07:35:33.843,07:35:33,0,700,0,#N/A,376.565,1,0,0,0,0,0,0,0,0
limpid-josh,M4@bmm,8041,1280,32670,2,32670,2236,NULL,19835332,19835332,19835332,NULL,LIMIT,BUY,2,625,2021-05-26T07:35:36.332,2021-05-26T07:35:36.335,07:35:36.332,07:35:36,0,700,0,#N/A,379.054,1,0,0,0,0,0,0,0,0
limpid-josh,M2@bmm,8039,1280,32670,2,32670,2236,NULL,19835333,19835320,19835333,19835320,CANCEL,SELL,1,795,2021-05-26T07:35:36.434,2021-05-26T07:35:36.440,07:35:36.434,07:35:36,0,700,0,#N/A,379.156,-1,0,0,0,0,0,0,0,0
limpid-josh,M8@bmm,8045,1280,32670,2,32670,2236,NULL,19835334,19835334,19835334,19835377,LIMIT,BUY,1,635,2021-05-26T07:35:39.790,2021-05-26T07:36:45.817,07:35:39.790,07:35:39,0,700,0,#N/A,382.512,1,0,0,0,0,0,0,0,0
limpid-josh,M7@bmm,8044,1280,32670,2,32670,2236,NULL,19835335,19835335,19835335,19835338,LIMIT,SELL,1,700,2021-05-26T07:35:40.982,2021-05-26T07:35:45.132,07:35:40.982,07:35:40,0,700,0,#N/A,383.704,-1,0,0,0,0,0,0,0,0
limpid-josh,M4@bmm,8041,1280,32670,2,32670,2236,NULL,19835336,19835336,19835336,19835348,LIMIT,SELL,2,730,2021-05-26T07:35:42.382,2021-05-26T07:35:58.578,07:35:42.382,07:35:42,0,700,0,#N/A,385.104,-1,0,0,0,0,0,0,0,0
limpid-josh,M1@bmm,8038,1280,32670,2,32670,2236,NULL,19835337,19835337,19835337,0,LIMIT,BUY,1,705,2021-05-26T07:35:45.123,2021-05-26T07:35:45.132,07:35:45.123,07:35:45,0,700,0,#N/A,387.845,1,0,0,0,0,0,0,0,0
limpid-josh,M1@bmm,8038,1280,32670,2,32670,2236,NULL,19835338,19835337,19835337,19835335,LIMIT,BUY,1,700,2021-05-26T07:35:45.129,2021-05-26T07:35:45.132,07:35:45.129,07:35:45,1,700,700,0,387.851,1,1,0,0,0,0,0,0,0
limpid-josh,M6@bmm,8043,1280,32670,2,32670,2236,NULL,19835339,19835339,19835339,19835343,LIMIT,SELL,1,715,2021-05-26T07:35:49.757,2021-05-26T07:35:55.709,07:35:49.757,07:35:49,0,700,0,#N/A,392.479,-1,0,0,0,0,0,0,0,0
limpid-josh,M2@bmm,8039,1280,32670,2,32670,2236,NULL,19835340,19835340,19835340,19835349,LIMIT,BUY,1,400,2021-05-26T07:35:50.350,2021-05-26T07:35:59.671,07:35:50.350,07:35:50,0,700,0,#N/A,393.072,1,0,0,0,0,0,0,0,0
limpid-josh,M8@bmm,8045,1280,32670,2,32670,2236,NULL,19835341,19835301,19835341,19835301,CANCEL,SELL,1,795,2021-05-26T07:35:52.016,2021-05-26T07:35:52.022,07:35:52.016,07:35:52,0,700,0,#N/A,394.738,-1,0,0,0,0,0,0,0,0
limpid-josh,M7@bmm,8044,1280,32670,2,32670,2236,NULL,19835342,19835342,19835342,0,LIMIT,BUY,1,725,2021-05-26T07:35:55.699,2021-05-26T07:35:55.709,07:35:55.699,07:35:55,0,700,0,#N/A,398.421,1,0,0,0,0,0,0,0,0
limpid-josh,M7@bmm,8044,1280,32670,2,32670,2236,NULL,19835343,19835342,19835342,19835339,LIMIT,BUY,1,715,2021-05-26T07:35:55.706,2021-05-26T07:35:55.709,07:35:55.706,07:35:55,1,700,715,15,398.428,1,0,0,0,0,0,0,1,0
limpid-josh,M1@bmm,8038,1280,32670,2,32670,2236,NULL,19835344,19835344,19835344,19835347,LIMIT,SELL,1,705,2021-05-26T07:35:56.154,2021-05-26T07:35:57.285,07:35:56.154,07:35:56,0,700,0,#N/A,398.876,-1,0,0,0,0,0,0,0,0
limpid-josh,M4@bmm,8041,1280,32670,2,32670,2236,NULL,19835345,19835345,19835345,NULL,LIMIT,SELL,1,745,2021-05-26T07:35:56.548,2021-05-26T07:35:56.551,07:35:56.548,07:35:56,0,700,0,#N/A,399.27,-1,0,0,0,0,0,0,0,0
limpid-josh,M3@bmm,8040,1280,32670,2,32670,2236,NULL,19835346,19835346,19835346,0,LIMIT,BUY,1,715,2021-05-26T07:35:57.274,2021-05-26T07:35:57.285,07:35:57.274,07:35:57,0,700,0,#N/A,399.996,1,0,0,0,0,0,0,0,0
limpid-josh,M3@bmm,8040,1280,32670,2,32670,2236,NULL,19835347,19835346,19835346,19835344,LIMIT,BUY,1,705,2021-05-26T07:35:57.282,2021-05-26T07:35:57.285,07:35:57.282,07:35:57,1,700,705,5,400.004,1,0,0,1,0,0,0,0,0
limpid-josh,M4@bmm,8041,1280,32670,2,32670,2236,NULL,19835348,19835336,19835348,19835336,CANCEL,SELL,2,730,2021-05-26T07:35:58.572,2021-05-26T07:35:58.577,07:35:58.572,07:35:58,0,700,0,#N/A,401.294,-1,0,0,0,0,0,0,0,0
limpid-josh,M2@bmm,8039,1280,32670,2,32670,2236,NULL,19835349,19835340,19835349,19835340,CANCEL,BUY,1,400,2021-05-26T07:35:59.665,2021-05-26T07:35:59.671,07:35:59.665,07:35:59,0,700,0,#N/A,402.387,1,0,0,0,0,0,0,0,0
limpid-josh,M5@bmm,8042,1280,32670,2,32670,2236,NULL,19835350,19835350,19835350,NULL,LIMIT,SELL,1,715,2021-05-26T07:36:02.361,2021-05-26T07:36:02.364,07:36:02.361,07:36:02,0,700,0,#N/A,405.083,-1,0,0,0,0,0,0,0,0
limpid-josh,M8@bmm,8045,1280,32670,2,32670,2236,NULL,19835351,19835351,19835351,19835354,LIMIT,SELL,1,705,2021-05-26T07:36:07.064,2021-05-26T07:36:09.338,07:36:07.064,07:36:07,0,700,0,#N/A,409.786,-1,0,0,0,0,0,0,0,0
limpid-josh,M6@bmm,8043,1280,32670,2,32670,2236,NULL,19835352,19835352,19835352,NULL,LIMIT,BUY,1,655,2021-05-26T07:36:08.641,2021-05-26T07:36:08.644,07:36:08.641,07:36:08,0,700,0,#N/A,411.363,1,0,0,0,0,0,0,0,0
limpid-josh,M1@bmm,8038,1280,32670,2,32670,2236,NULL,19835353,19835353,19835353,0,LIMIT,BUY,1,720,2021-05-26T07:36:09.329,2021-05-26T07:36:09.338,07:36:09.329,07:36:09,0,700,0,#N/A,412.051,1,0,0,0,0,0,0,0,0
limpid-josh,M1@bmm,8038,1280,32670,2,32670,2236,NULL,19835354,19835353,19835353,19835351,LIMIT,BUY,1,705,2021-05-26T07:36:09.335,2021-05-26T07:36:09.338,07:36:09.335,07:36:09,1,700,705,5,412.057,1,1,0,0,0,0,0,0,0
limpid-josh,M3@bmm,8040,1280,32670,2,32670,2236,NULL,19835355,19835355,19835355,19835436,LIMIT,SELL,1,735,2021-05-26T07:36:09.385,2021-05-26T07:38:57.884,07:36:09.385,07:36:09,0,700,0,#N/A,412.107,-1,0,0,0,0,0,0,0,0
limpid-josh,M7@bmm,8044,1280,32670,2,32670,2236,NULL,19835356,19835356,19835356,19835445,LIMIT,SELL,1,730,2021-05-26T07:36:09.881,2021-05-26T07:39:07.846,07:36:09.881,07:36:09,0,700,0,#N/A,412.603,-1,0,0,0,0,0,0,0,0
limpid-josh,M3@bmm,8040,1280,32670,2,32670,2236,NULL,19835357,19835328,19835357,19835328,CANCEL,SELL,1,775,2021-05-26T07:36:11.955,2021-05-26T07:36:11.961,07:36:11.955,07:36:11,0,700,0,#N/A,414.677,-1,0,0,0,0,0,0,0,0
limpid-josh,M2@bmm,8039,1280,32670,2,32670,2236,NULL,19835358,19835358,19835358,19835385,LIMIT,BUY,1,695,2021-05-26T07:36:13.038,2021-05-26T07:37:03.521,07:36:13.038,07:36:13,0,700,0,#N/A,415.76,1,0,0,0,0,0,0,0,0
limpid-josh,M5@bmm,8042,1280,32670,2,32670,2236,NULL,19835359,19835313,19835359,19835313,CANCEL,SELL,1,765,2021-05-26T07:36:15.865,2021-05-26T07:36:15.875,07:36:15.865,07:36:15,0,700,0,#N/A,418.587,-1,0,0,0,0,0,0,0,0
limpid-josh,M3@bmm,8040,1280,32670,2,32670,2236,NULL,19835360,19835298,19835360,19835298,CANCEL,BUY,1,400,2021-05-26T07:36:18.554,2021-05-26T07:36:18.561,07:36:18.554,07:36:18,0,700,0,#N/A,421.276,1,0,0,0,0,0,0,0,0
limpid-josh,M5@bmm,8042,1280,32670,2,32670,2236,NULL,19835361,19835361,19835361,NULL,LIMIT,SELL,1,720,2021-05-26T07:36:20.642,2021-05-26T07:36:20.644,07:36:20.642,07:36:20,0,700,0,#N/A,423.364,-1,0,0,0,0,0,0,0,0
limpid-josh,M1@bmm,8038,1280,32670,2,32670,2236,NULL,19835362,19835362,19835362,19835367,LIMIT,SELL,1,710,2021-05-26T07:36:21.970,2021-05-26T07:36:28.537,07:36:21.970,07:36:21,0,700,0,#N/A,424.692,-1,0,0,0,0,0,0,0,0
limpid-josh,M1@bmm,8038,1280,32670,2,32670,2236,NULL,19835363,19835363,19835363,19835364,LIMIT,SELL,1,710,2021-05-26T07:36:22.322,2021-05-26T07:36:24.995,07:36:22.322,07:36:22,0,700,0,#N/A,425.044,-1,0,0,0,0,0,0,0,0
limpid-josh,M1@bmm,8038,1280,32670,2,32670,2236,NULL,19835364,19835363,19835364,19835363,CANCEL,SELL,1,710,2021-05-26T07:36:24.989,2021-05-26T07:36:24.995,07:36:24.989,07:36:24,0,700,0,#N/A,427.711,-1,0,0,0,0,0,0,0,0
limpid-josh,M4@bmm,8041,1280,32670,2,32670,2236,NULL,19835365,19835365,19835365,NULL,LIMIT,BUY,1,660,2021-05-26T07:36:26.645,2021-05-26T07:36:26.648,07:36:26.645,07:36:26,0,700,0,#N/A,429.367,1,0,0,0,0,0,0,0,0
limpid-josh,M7@bmm,8044,1280,32670,2,32670,2236,NULL,19835366,19835366,19835366,0,LIMIT,BUY,1,715,2021-05-26T07:36:28.528,2021-05-26T07:36:28.537,07:36:28.528,07:36:28,0,700,0,#N/A,431.25,1,0,0,0,0,0,0,0,0
limpid-josh,M7@bmm,8044,1280,32670,2,32670,2236,NULL,19835367,19835366,19835366,19835362,LIMIT,BUY,1,710,2021-05-26T07:36:28.534,2021-05-26T07:36:28.538,07:36:28.534,07:36:28,1,700,710,10,431.256,1,0,0,0,0,0,0,1,0
limpid-josh,M8@bmm,8045,1280,32670,2,32670,2236,NULL,19835368,19835368,19835368,19835406,LIMIT,BUY,1,665,2021-05-26T07:36:30.110,2021-05-26T07:37:47.199,07:36:30.110,07:36:30,0,700,0,#N/A,432.832,1,0,0,0,0,0,0,0,0
limpid-josh,M2@bmm,8039,1280,32670,2,32670,2236,NULL,19835369,19835369,19835369,19835379,LIMIT,SELL,1,705,2021-05-26T07:36:33.503,2021-05-26T07:36:47.364,07:36:33.503,07:36:33,0,700,0,#N/A,436.225,-1,0,0,0,0,0,0,0,0
limpid-josh,M7@bmm,8044,1280,32670,2,32670,2236,NULL,19835370,19835370,19835370,19835373,LIMIT,SELL,1,700,2021-05-26T07:36:40.867,2021-05-26T07:36:43.469,07:36:40.867,07:36:40,0,700,0,#N/A,443.589,-1,0,0,0,0,0,0,0,0
limpid-josh,M6@bmm,8043,1280,32670,2,32670,2236,NULL,19835371,19835371,19835371,19835387,LIMIT,SELL,1,705,2021-05-26T07:36:41.124,2021-05-26T07:37:05.917,07:36:41.124,07:36:41,0,700,0,#N/A,443.846,-1,0,0,0,0,0,0,0,0
limpid-josh,M3@bmm,8040,1280,32670,2,32670,2236,NULL,19835372,19835372,19835372,0,LIMIT,BUY,1,705,2021-05-26T07:36:43.457,2021-05-26T07:36:43.469,07:36:43.457,07:36:43,0,700,0,#N/A,446.179,1,0,0,0,0,0,0,0,0
limpid-josh,M3@bmm,8040,1280,32670,2,32670,2236,NULL,19835373,19835372,19835372,19835370,LIMIT,BUY,1,700,2021-05-26T07:36:43.466,2021-05-26T07:36:43.470,07:36:43.466,07:36:43,1,700,700,0,446.188,1,0,0,1,0,0,0,0,0
limpid-josh,M1@bmm,8038,1280,32670,2,32670,2236,NULL,19835374,19835374,19835374,19835381,LIMIT,BUY,1,700,2021-05-26T07:36:43.521,2021-05-26T07:36:53.640,07:36:43.521,07:36:43,0,700,0,#N/A,446.243,1,0,0,0,0,0,0,0,0
limpid-josh,M8@bmm,8045,1280,32670,2,32670,2236,NULL,19835375,19835312,19835375,19835312,CANCEL,SELL,1,765,2021-05-26T07:36:43.657,2021-05-26T07:36:43.662,07:36:43.657,07:36:43,0,700,0,#N/A,446.379,-1,0,0,0,0,0,0,0,0
limpid-josh,M4@bmm,8041,1280,32670,2,32670,2236,NULL,19835376,19835376,19835376,19835391,LIMIT,BUY,1,695,2021-05-26T07:36:44.752,2021-05-26T07:37:21.572,07:36:44.752,07:36:44,0,700,0,#N/A,447.474,1,0,0,0,0,0,0,0,0
limpid-josh,M8@bmm,8045,1280,32670,2,32670,2236,NULL,19835377,19835334,19835377,19835334,CANCEL,BUY,1,635,2021-05-26T07:36:45.811,2021-05-26T07:36:45.817,07:36:45.811,07:36:45,0,700,0,#N/A,448.533,1,0,0,0,0,0,0,0,0
limpid-josh,M7@bmm,8044,1280,32670,2,32670,2236,NULL,19835378,19835378,19835378,0,LIMIT,BUY,1,710,2021-05-26T07:36:47.354,2021-05-26T07:36:47.364,07:36:47.354,07:36:47,0,700,0,#N/A,450.076,1,0,0,0,0,0,0,0,0
limpid-josh,M7@bmm,8044,1280,32670,2,32670,2236,NULL,19835379,19835378,19835378,19835369,LIMIT,BUY,1,705,2021-05-26T07:36:47.361,2021-05-26T07:36:47.364,07:36:47.361,07:36:47,1,700,705,5,450.083,1,0,0,0,0,0,0,1,0
limpid-josh,M1@bmm,8038,1280,32670,2,32670,2236,NULL,19835380,19835380,19835380,19835395,LIMIT,SELL,1,705,2021-05-26T07:36:48.411,2021-05-26T07:37:32.179,07:36:48.411,07:36:48,0,700,0,#N/A,451.133,-1,0,0,0,0,0,0,0,0
limpid-josh,M5@bmm,8042,1280,32670,2,32670,2236,NULL,19835381,19835381,19835381,19835374,LIMIT,SELL,1,700,2021-05-26T07:36:53.634,2021-05-26T07:36:53.640,07:36:53.634,07:36:53,1,700,700,0,456.356,-1,0,0,0,0,1,0,0,0
limpid-josh,M4@bmm,8041,1280,32670,2,32670,2236,NULL,19835382,19835382,19835382,19835383,LIMIT,BUY,1,700,2021-05-26T07:36:56.373,2021-05-26T07:36:57.636,07:36:56.373,07:36:56,0,700,0,#N/A,459.095,1,0,0,0,0,0,0,0,0
limpid-josh,M7@bmm,8044,1280,32670,2,32670,2236,NULL,19835383,19835383,19835383,19835382,LIMIT,SELL,1,700,2021-05-26T07:36:57.628,2021-05-26T07:36:57.636,07:36:57.628,07:36:57,1,700,700,0,460.35,-1,0,0,0,0,0,0,1,0
limpid-josh,M4@bmm,8041,1280,32670,2,32670,2236,NULL,19835384,19835384,19835384,19835390,LIMIT,BUY,1,695,2021-05-26T07:37:00.253,2021-05-26T07:37:20.737,07:37:00.253,07:37:00,0,700,0,#N/A,462.975,1,0,0,0,0,0,0,0,0
limpid-josh,M2@bmm,8039,1280,32670,2,32670,2236,NULL,19835385,19835358,19835385,19835358,CANCEL,BUY,1,695,2021-05-26T07:37:03.514,2021-05-26T07:37:03.521,07:37:03.514,07:37:03,0,700,0,#N/A,466.236,1,0,0,0,0,0,0,0,0
limpid-josh,M7@bmm,8044,1280,32670,2,32670,2236,NULL,19835386,19835386,19835386,0,LIMIT,BUY,1,720,2021-05-26T07:37:05.907,2021-05-26T07:37:05.917,07:37:05.907,07:37:05,0,700,0,#N/A,468.629,1,0,0,0,0,0,0,0,0
limpid-josh,M7@bmm,8044,1280,32670,2,32670,2236,NULL,19835387,19835386,19835386,19835371,LIMIT,BUY,1,705,2021-05-26T07:37:05.914,2021-05-26T07:37:05.918,07:37:05.914,07:37:05,1,700,705,5,468.636,1,0,0,0,0,0,0,1,0
limpid-josh,M8@bmm,8045,1280,32670,2,32670,2236,NULL,19835388,19835388,19835388,19835405,LIMIT,SELL,1,700,2021-05-26T07:37:06.134,2021-05-26T07:37:41.955,07:37:06.134,07:37:06,0,700,0,#N/A,468.856,-1,0,0,0,0,0,0,0,0
limpid-josh,M4@bmm,8041,1280,32670,2,32670,2236,NULL,19835389,19835389,19835389,NULL,LIMIT,BUY,1,675,2021-05-26T07:37:19.862,2021-05-26T07:37:19.865,07:37:19.862,07:37:19,0,700,0,#N/A,482.584,1,0,0,0,0,0,0,0,0
limpid-josh,M4@bmm,8041,1280,32670,2,32670,2236,NULL,19835390,19835384,19835390,19835384,CANCEL,BUY,1,695,2021-05-26T07:37:20.731,2021-05-26T07:37:20.736,07:37:20.731,07:37:20,0,700,0,#N/A,483.453,1,0,0,0,0,0,0,0,0
limpid-josh,M4@bmm,8041,1280,32670,2,32670,2236,NULL,19835391,19835376,19835391,19835376,CANCEL,BUY,1,695,2021-05-26T07:37:21.566,2021-05-26T07:37:21.572,07:37:21.566,07:37:21,0,700,0,#N/A,484.288,1,0,0,0,0,0,0,0,0
limpid-josh,M2@bmm,8039,1280,32670,2,32670,2236,NULL,19835392,19835392,19835392,19835414,LIMIT,BUY,1,680,2021-05-26T07:37:23.889,2021-05-26T07:38:00.326,07:37:23.889,07:37:23,0,700,0,#N/A,486.611,1,0,0,0,0,0,0,0,0
limpid-josh,M6@bmm,8043,1280,32670,2,32670,2236,NULL,19835393,19835393,19835393,NULL,LIMIT,BUY,1,685,2021-05-26T07:37:27.214,2021-05-26T07:37:27.217,07:37:27.214,07:37:27,0,700,0,#N/A,489.936,1,0,0,0,0,0,0,0,0
limpid-josh,M3@bmm,8040,1280,32670,2,32670,2236,NULL,19835394,19835394,19835394,19835447,LIMIT,SELL,1,720,2021-05-26T07:37:29.465,2021-05-26T07:39:11.776,07:37:29.465,07:37:29,0,700,0,#N/A,492.187,-1,0,0,0,0,0,0,0,0
limpid-josh,M1@bmm,8038,1280,32670,2,32670,2236,NULL,19835395,19835380,19835395,19835380,CANCEL,SELL,1,705,2021-05-26T07:37:32.173,2021-05-26T07:37:32.179,07:37:32.173,07:37:32,0,700,0,#N/A,494.895,-1,0,0,0,0,0,0,0,0
limpid-josh,M4@bmm,8041,1280,32670,2,32670,2236,NULL,19835396,19835396,19835396,NULL,LIMIT,BUY,1,690,2021-05-26T07:37:32.277,2021-05-26T07:37:32.279,07:37:32.277,07:37:32,0,700,0,#N/A,494.999,1,0,0,0,0,0,0,0,0
limpid-josh,M2@bmm,8039,1280,32670,2,32670,2236,NULL,19835397,19835397,19835397,19835409,LIMIT,BUY,1,690,2021-05-26T07:37:34.854,2021-05-26T07:37:55.717,07:37:34.854,07:37:34,0,700,0,#N/A,497.576,1,0,0,0,0,0,0,0,0
limpid-josh,M1@bmm,8038,1280,32670,2,32670,2236,NULL,19835398,19835398,19835398,19835407,LIMIT,SELL,1,700,2021-05-26T07:37:35.699,2021-05-26T07:37:50.877,07:37:35.699,07:37:35,0,700,0,#N/A,498.421,-1,0,0,0,0,0,0,0,0
limpid-josh,M7@bmm,8044,1280,32670,2,32670,2236,NULL,19835399,19835399,19835399,19835420,LIMIT,SELL,1,700,2021-05-26T07:37:36.146,2021-05-26T07:38:13.866,07:37:36.146,07:37:36,0,700,0,#N/A,498.868,-1,0,0,0,0,0,0,0,0
limpid-josh,M8@bmm,8045,1280,32670,2,32670,2236,NULL,19835400,19835400,19835400,19835425,LIMIT,BUY,1,680,2021-05-26T07:37:36.427,2021-05-26T07:38:24.351,07:37:36.427,07:37:36,0,700,0,#N/A,499.149,1,0,0,0,0,0,0,0,0
limpid-josh,M2@bmm,8039,1280,32670,2,32670,2236,NULL,19835401,19835401,19835401,19835403,LIMIT,SELL,2,700,2021-05-26T07:37:37.223,2021-05-26T07:37:41.675,07:37:37.223,07:37:37,0,700,0,#N/A,499.945,-1,0,0,0,0,0,0,0,0
limpid-josh,M4@bmm,8041,1280,32670,2,32670,2236,NULL,19835402,19835402,19835402,NULL,LIMIT,BUY,1,690,2021-05-26T07:37:37.465,2021-05-26T07:37:37.468,07:37:37.465,07:37:37,0,700,0,#N/A,500.187,1,0,0,0,0,0,0,0,0
limpid-josh,M2@bmm,8039,1280,32670,2,32670,2236,NULL,19835403,19835401,19835403,19835401,CANCEL,SELL,2,700,2021-05-26T07:37:41.669,2021-05-26T07:37:41.675,07:37:41.669,07:37:41,0,700,0,#N/A,504.391,-1,0,0,0,0,0,0,0,0
limpid-josh,M7@bmm,8044,1280,32670,2,32670,2236,NULL,19835404,19835404,19835404,0,LIMIT,BUY,1,705,2021-05-26T07:37:41.946,2021-05-26T07:37:41.955,07:37:41.946,07:37:41,0,700,0,#N/A,504.668,1,0,0,0,0,0,0,0,0
limpid-josh,M7@bmm,8044,1280,32670,2,32670,2236,NULL,19835405,19835404,19835404,19835388,LIMIT,BUY,1,700,2021-05-26T07:37:41.952,2021-05-26T07:37:41.956,07:37:41.952,07:37:41,1,700,700,0,504.674,1,0,0,0,0,0,0,1,0
limpid-josh,M8@bmm,8045,1280,32670,2,32670,2236,NULL,19835406,19835368,19835406,19835368,CANCEL,BUY,1,665,2021-05-26T07:37:47.193,2021-05-26T07:37:47.199,07:37:47.193,07:37:47,0,700,0,#N/A,509.915,1,0,0,0,0,0,0,0,0
limpid-josh,M1@bmm,8038,1280,32670,2,32670,2236,NULL,19835407,19835398,19835407,19835398,CANCEL,SELL,1,700,2021-05-26T07:37:50.871,2021-05-26T07:37:50.876,07:37:50.871,07:37:50,0,700,0,#N/A,513.593,-1,0,0,0,0,0,0,0,0
limpid-josh,M1@bmm,8038,1280,32670,2,32670,2236,NULL,19835408,19835408,19835408,19835411,LIMIT,SELL,1,695,2021-05-26T07:37:52.850,2021-05-26T07:37:57.327,07:37:52.850,07:37:52,0,700,0,#N/A,515.572,-1,0,0,0,0,0,0,0,0
limpid-josh,M2@bmm,8039,1280,32670,2,32670,2236,NULL,19835409,19835397,19835409,19835397,CANCEL,BUY,1,690,2021-05-26T07:37:55.710,2021-05-26T07:37:55.717,07:37:55.710,07:37:55,0,700,0,#N/A,518.432,1,0,0,0,0,0,0,0,0
limpid-josh,M7@bmm,8044,1280,32670,2,32670,2236,NULL,19835410,19835410,19835410,19835412,LIMIT,SELL,1,695,2021-05-26T07:37:56.812,2021-05-26T07:37:59.494,07:37:56.812,07:37:56,0,700,0,#N/A,519.534,-1,0,0,0,0,0,0,0,0
limpid-josh,M4@bmm,8041,1280,32670,2,32670,2236,NULL,19835411,19835411,19835411,19835408,LIMIT,BUY,1,695,2021-05-26T07:37:57.319,2021-05-26T07:37:57.326,07:37:57.319,07:37:57,1,700,695,-5,520.041,1,0,0,0,1,0,0,0,0
limpid-josh,M5@bmm,8042,1280,32670,2,32670,2236,NULL,19835412,19835412,19835412,19835410,LIMIT,BUY,1,695,2021-05-26T07:37:59.488,2021-05-26T07:37:59.493,07:37:59.488,07:37:59,1,700,695,-5,522.21,1,0,0,0,0,1,0,0,0
limpid-josh,M4@bmm,8041,1280,32670,2,32670,2236,NULL,19835413,19835413,19835413,19835415,LIMIT,BUY,1,695,2021-05-26T07:38:00.230,2021-05-26T07:38:03.390,07:38:00.230,07:38:00,0,700,0,#N/A,522.952,1,0,0,0,0,0,0,0,0
limpid-josh,M2@bmm,8039,1280,32670,2,32670,2236,NULL,19835414,19835392,19835414,19835392,CANCEL,BUY,1,680,2021-05-26T07:38:00.320,2021-05-26T07:38:00.326,07:38:00.320,07:38:00,0,700,0,#N/A,523.042,1,0,0,0,0,0,0,0,0
limpid-josh,M4@bmm,8041,1280,32670,2,32670,2236,NULL,19835415,19835413,19835415,19835413,CANCEL,BUY,1,695,2021-05-26T07:38:03.384,2021-05-26T07:38:03.390,07:38:03.384,07:38:03,0,700,0,#N/A,526.106,1,0,0,0,0,0,0,0,0
limpid-josh,M4@bmm,8041,1280,32670,2,32670,2236,NULL,19835416,19835416,19835416,NULL,LIMIT,BUY,1,690,2021-05-26T07:38:07.342,2021-05-26T07:38:07.345,07:38:07.342,07:38:07,0,700,0,#N/A,530.064,1,0,0,0,0,0,0,0,0
limpid-josh,M2@bmm,8039,1280,32670,2,32670,2236,NULL,19835417,19835417,19835417,19835428,LIMIT,SELL,1,700,2021-05-26T07:38:09.710,2021-05-26T07:38:28.812,07:38:09.710,07:38:09,0,700,0,#N/A,532.432,-1,0,0,0,0,0,0,0,0
limpid-josh,M4@bmm,8041,1280,32670,2,32670,2236,NULL,19835418,19835418,19835418,NULL,LIMIT,BUY,1,685,2021-05-26T07:38:13.090,2021-05-26T07:38:13.093,07:38:13.090,07:38:13,0,700,0,#N/A,535.812,1,0,0,0,0,0,0,0,0
limpid-josh,M7@bmm,8044,1280,32670,2,32670,2236,NULL,19835419,19835419,19835419,0,LIMIT,BUY,1,705,2021-05-26T07:38:13.852,2021-05-26T07:38:13.861,07:38:13.852,07:38:13,0,700,0,#N/A,536.574,1,0,0,0,0,0,0,0,0
limpid-josh,M7@bmm,8044,1280,32670,2,32670,2236,NULL,19835420,19835419,19835419,19835399,LIMIT,BUY,1,700,2021-05-26T07:38:13.858,2021-05-26T07:38:13.861,07:38:13.858,07:38:13,1,700,700,0,536.58,1,0,0,0,0,0,0,1,0
limpid-josh,M8@bmm,8045,1280,32670,2,32670,2236,NULL,19835421,19835421,19835421,19835435,LIMIT,SELL,1,700,2021-05-26T07:38:18.866,2021-05-26T07:38:53.774,07:38:18.866,07:38:18,0,700,0,#N/A,541.588,-1,0,0,0,0,0,0,0,0
limpid-josh,M2@bmm,8039,1280,32670,2,32670,2236,NULL,19835422,19835422,19835422,19835444,LIMIT,BUY,2,690,2021-05-26T07:38:18.974,2021-05-26T07:39:06.150,07:38:18.974,07:38:18,0,700,0,#N/A,541.696,1,0,0,0,0,0,0,0,0
limpid-josh,M7@bmm,8044,1280,32670,2,32670,2236,NULL,19835423,19835423,19835423,NULL,LIMIT,SELL,1,710,2021-05-26T07:38:22.993,2021-05-26T07:38:22.996,07:38:22.993,07:38:22,0,700,0,#N/A,545.715,-1,0,0,0,0,0,0,0,0
limpid-josh,M2@bmm,8039,1280,32670,2,32670,2236,NULL,19835424,19835424,19835424,19835443,LIMIT,BUY,1,655,2021-05-26T07:38:23.752,2021-05-26T07:39:05.138,07:38:23.752,07:38:23,0,700,0,#N/A,546.474,1,0,0,0,0,0,0,0,0
limpid-josh,M8@bmm,8045,1280,32670,2,32670,2236,NULL,19835425,19835400,19835425,19835400,CANCEL,BUY,1,680,2021-05-26T07:38:24.345,2021-05-26T07:38:24.351,07:38:24.345,07:38:24,0,700,0,#N/A,547.067,1,0,0,0,0,0,0,0,0
limpid-josh,M4@bmm,8041,1280,32670,2,32670,2236,NULL,19835426,19835426,19835426,19835439,LIMIT,BUY,1,690,2021-05-26T07:38:26.039,2021-05-26T07:39:00.507,07:38:26.039,07:38:26,0,700,0,#N/A,548.761,1,0,0,0,0,0,0,0,0
limpid-josh,M7@bmm,8044,1280,32670,2,32670,2236,NULL,19835427,19835427,19835427,0,LIMIT,BUY,1,705,2021-05-26T07:38:28.802,2021-05-26T07:38:28.811,07:38:28.802,07:38:28,0,700,0,#N/A,551.524,1,0,0,0,0,0,0,0,0
limpid-josh,M7@bmm,8044,1280,32670,2,32670,2236,NULL,19835428,19835427,19835427,19835417,LIMIT,BUY,1,700,2021-05-26T07:38:28.808,2021-05-26T07:38:28.812,07:38:28.808,07:38:28,1,700,700,0,551.53,1,0,0,0,0,0,0,1,0
limpid-josh,M5@bmm,8042,1280,32670,2,32670,2236,NULL,19835429,19835429,19835429,19835449,LIMIT,SELL,1,700,2021-05-26T07:38:31.354,2021-05-26T07:39:12.698,07:38:31.354,07:38:31,0,700,0,#N/A,554.076,-1,0,0,0,0,0,0,0,0
limpid-josh,M4@bmm,8041,1280,32670,2,32670,2236,NULL,19835430,19835430,19835430,19835431,LIMIT,BUY,1,695,2021-05-26T07:38:40.375,2021-05-26T07:38:43.804,07:38:40.375,07:38:40,0,700,0,#N/A,563.097,1,0,0,0,0,0,0,0,0
limpid-josh,M7@bmm,8044,1280,32670,2,32670,2236,NULL,19835431,19835431,19835431,19835430,LIMIT,SELL,1,695,2021-05-26T07:38:43.796,2021-05-26T07:38:43.804,07:38:43.796,07:38:43,1,700,695,-5,566.518,-1,0,0,0,0,0,0,1,0
limpid-josh,M8@bmm,8045,1280,32670,2,32670,2236,NULL,19835432,19835432,19835432,NULL,LIMIT,BUY,1,690,2021-05-26T07:38:52.008,2021-05-26T07:38:52.011,07:38:52.008,07:38:52,0,700,0,#N/A,574.73,1,0,0,0,0,0,0,0,0
limpid-josh,M4@bmm,8041,1280,32670,2,32670,2236,NULL,19835433,19835433,19835433,19835438,LIMIT,BUY,1,695,2021-05-26T07:38:52.445,2021-05-26T07:38:58.268,07:38:52.445,07:38:52,0,700,0,#N/A,575.167,1,0,0,0,0,0,0,0,0
limpid-josh,M7@bmm,8044,1280,32670,2,32670,2236,NULL,19835434,19835434,19835434,0,LIMIT,BUY,1,720,2021-05-26T07:38:53.764,2021-05-26T07:38:53.773,07:38:53.764,07:38:53,0,700,0,#N/A,576.486,1,0,0,0,0,0,0,0,0
limpid-josh,M7@bmm,8044,1280,32670,2,32670,2236,NULL,19835435,19835434,19835434,19835421,LIMIT,BUY,1,700,2021-05-26T07:38:53.771,2021-05-26T07:38:53.774,07:38:53.771,07:38:53,1,700,700,0,576.493,1,0,0,0,0,0,0,1,0
limpid-josh,M3@bmm,8040,1280,32670,2,32670,2236,NULL,19835436,19835355,19835436,19835355,CANCEL,SELL,1,735,2021-05-26T07:38:57.878,2021-05-26T07:38:57.883,07:38:57.878,07:38:57,0,700,0,#N/A,580.6,-1,0,0,0,0,0,0,0,0
limpid-josh,M1@bmm,8038,1280,32670,2,32670,2236,NULL,19835437,19835437,19835437,0,LIMIT,SELL,1,690,2021-05-26T07:38:58.258,2021-05-26T07:38:58.268,07:38:58.258,07:38:58,0,700,0,#N/A,580.98,-1,0,0,0,0,0,0,0,0
limpid-josh,M1@bmm,8038,1280,32670,2,32670,2236,NULL,19835438,19835437,19835437,19835433,LIMIT,SELL,1,695,2021-05-26T07:38:58.265,2021-05-26T07:38:58.268,07:38:58.265,07:38:58,1,700,695,-5,580.987,-1,1,0,0,0,0,0,0,0
limpid-josh,M4@bmm,8041,1280,32670,2,32670,2236,NULL,19835439,19835426,19835439,19835426,CANCEL,BUY,1,690,2021-05-26T07:39:00.501,2021-05-26T07:39:00.507,07:39:00.501,07:39:00,0,700,0,#N/A,583.223,1,0,0,0,0,0,0,0,0
limpid-josh,M1@bmm,8038,1280,32670,2,32670,2236,NULL,19835440,19835330,19835440,19835330,CANCEL,BUY,1,650,2021-05-26T07:39:01.762,2021-05-26T07:39:01.768,07:39:01.762,07:39:01,0,700,0,#N/A,584.484,1,0,0,0,0,0,0,0,0
limpid-josh,M2@bmm,8039,1280,32670,2,32670,2236,NULL,19835441,19835441,19835441,19835442,LIMIT,BUY,1,650,2021-05-26T07:39:01.866,2021-05-26T07:39:04.536,07:39:01.866,07:39:01,0,700,0,#N/A,584.588,1,0,0,0,0,0,0,0,0
limpid-josh,M2@bmm,8039,1280,32670,2,32670,2236,NULL,19835442,19835441,19835442,19835441,CANCEL,BUY,1,650,2021-05-26T07:39:04.530,2021-05-26T07:39:04.536,07:39:04.530,07:39:04,0,700,0,#N/A,587.252,1,0,0,0,0,0,0,0,0
limpid-josh,M2@bmm,8039,1280,32670,2,32670,2236,NULL,19835443,19835424,19835443,19835424,CANCEL,BUY,1,655,2021-05-26T07:39:05.132,2021-05-26T07:39:05.138,07:39:05.132,07:39:05,0,700,0,#N/A,587.854,1,0,0,0,0,0,0,0,0
limpid-josh,M2@bmm,8039,1280,32670,2,32670,2236,NULL,19835444,19835422,19835444,19835422,CANCEL,BUY,2,690,2021-05-26T07:39:06.144,2021-05-26T07:39:06.150,07:39:06.144,07:39:06,0,700,0,#N/A,588.866,1,0,0,0,0,0,0,0,0
limpid-josh,M7@bmm,8044,1280,32670,2,32670,2236,NULL,19835445,19835356,19835445,19835356,CANCEL,SELL,1,730,2021-05-26T07:39:07.840,2021-05-26T07:39:07.846,07:39:07.840,07:39:07,0,700,0,#N/A,590.562,-1,0,0,0,0,0,0,0,0
limpid-josh,M3@bmm,8040,1280,32670,2,32670,2236,NULL,19835446,19835446,19835446,NULL,LIMIT,SELL,1,715,2021-05-26T07:39:10.682,2021-05-26T07:39:10.685,07:39:10.682,07:39:10,0,700,0,#N/A,593.404,-1,0,0,0,0,0,0,0,0
limpid-josh,M3@bmm,8040,1280,32670,2,32670,2236,NULL,19835447,19835394,19835447,19835394,CANCEL,SELL,1,720,2021-05-26T07:39:11.770,2021-05-26T07:39:11.776,07:39:11.770,07:39:11,0,700,0,#N/A,594.492,-1,0,0,0,0,0,0,0,0
limpid-josh,M2@bmm,8039,1280,32670,2,32670,2236,NULL,19835448,19835448,19835448,0,LIMIT,BUY,1,705,2021-05-26T07:39:12.688,2021-05-26T07:39:12.698,07:39:12.688,07:39:12,0,700,0,#N/A,595.41,1,0,0,0,0,0,0,0,0
limpid-josh,M2@bmm,8039,1280,32670,2,32670,2236,NULL,19835449,19835448,19835448,19835429,LIMIT,BUY,1,700,2021-05-26T07:39:12.695,2021-05-26T07:39:12.699,07:39:12.695,07:39:12,1,700,700,0,595.417,1,0,1,0,0,0,0,0,0
limpid-josh,M4@bmm,8041,1280,32670,2,32670,2236,NULL,19835450,19835450,19835450,NULL,LIMIT,BUY,1,695,2021-05-26T07:39:14.975,2021-05-26T07:39:14.978,07:39:14.975,07:39:14,0,700,0,#N/A,597.697,1,0,0,0,0,0,0,0,0
limpid-josh,M2@bmm,8039,1280,32670,2,32670,2236,NULL,19835451,19835451,19835451,19835453,LIMIT,BUY,1,705,2021-05-26T07:39:19.488,2021-05-26T07:39:21.132,07:39:19.488,07:39:19,0,700,0,#N/A,602.21,1,0,0,0,0,0,0,0,0
limpid-josh,M7@bmm,8044,1280,32670,2,32670,2236,NULL,19835452,19835452,19835452,NULL,LIMIT,SELL,1,855,2021-05-26T07:39:19.660,2021-05-26T07:39:19.662,07:39:19.660,07:39:19,0,700,0,#N/A,602.382,-1,0,0,0,0,0,0,0,0
limpid-josh,M8@bmm,8045,1280,32670,2,32670,2236,NULL,19835453,19835453,19835453,19835451,LIMIT,SELL,1,705,2021-05-26T07:39:21.126,2021-05-26T07:39:21.132,07:39:21.126,07:39:21,1,700,705,5,603.848,-1,0,0,0,0,0,0,0,1
limpid-josh,M2@bmm,8039,1280,32670,2,32670,2236,NULL,19835454,19835454,19835454,NULL,LIMIT,BUY,1,705,2021-05-26T07:39:27.801,2021-05-26T07:39:27.803,07:39:27.801,07:39:27,0,700,0,#N/A,610.523,1,0,0,0,0,0,0,0,0
limpid-josh,M8@bmm,8045,1280,32671,3,32671,2236,NULL,19835455,19835455,19835455,NULL,LIMIT,BUY,1,230,2021-05-26T07:40:06.614,2021-05-26T07:40:06.619,07:40:06.614,07:40:06,0,650,0,#N/A,649.336,1,0,0,0,0,0,0,0,0
limpid-josh,M4@bmm,8041,1280,32671,3,32671,2236,NULL,19835456,19835456,19835456,NULL,LIMIT,SELL,1,845,2021-05-26T07:40:06.695,2021-05-26T07:40:06.699,07:40:06.695,07:40:06,0,650,0,#N/A,649.417,-1,0,0,0,0,0,0,0,0
limpid-josh,M6@bmm,8043,1280,32671,3,32671,2236,NULL,19835457,19835457,19835457,NULL,LIMIT,BUY,1,525,2021-05-26T07:40:06.772,2021-05-26T07:40:06.775,07:40:06.772,07:40:06,0,650,0,#N/A,649.494,1,0,0,0,0,0,0,0,0
limpid-josh,M3@bmm,8040,1280,32671,3,32671,2236,NULL,19835458,19835458,19835458,NULL,LIMIT,BUY,1,450,2021-05-26T07:40:07.585,2021-05-26T07:40:07.588,07:40:07.585,07:40:07,0,650,0,#N/A,650.307,1,0,0,0,0,0,0,0,0
limpid-josh,M2@bmm,8039,1280,32671,3,32671,2236,NULL,19835459,19835459,19835459,19835519,LIMIT,BUY,1,635,2021-05-26T07:40:07.599,2021-05-26T07:41:47.561,07:40:07.599,07:40:07,0,650,0,#N/A,650.321,1,0,0,0,0,0,0,0,0
limpid-josh,M4@bmm,8041,1280,32671,3,32671,2236,NULL,19835460,19835460,19835460,NULL,LIMIT,SELL,1,920,2021-05-26T07:40:11.135,2021-05-26T07:40:11.142,07:40:11.135,07:40:11,0,650,0,#N/A,653.857,-1,0,0,0,0,0,0,0,0
limpid-josh,M8@bmm,8045,1280,32671,3,32671,2236,NULL,19835461,19835461,19835461,19835475,LIMIT,BUY,1,640,2021-05-26T07:40:12.476,2021-05-26T07:40:37.535,07:40:12.476,07:40:12,0,650,0,#N/A,655.198,1,0,0,0,0,0,0,0,0
limpid-josh,M1@bmm,8038,1280,32671,3,32671,2236,NULL,19835462,19835462,19835462,19835482,LIMIT,BUY,1,655,2021-05-26T07:40:14.722,2021-05-26T07:40:46.887,07:40:14.722,07:40:14,0,650,0,#N/A,657.444,1,0,0,0,0,0,0,0,0
limpid-josh,M8@bmm,8045,1280,32671,3,32671,2236,NULL,19835463,19835463,19835463,19835466,LIMIT,SELL,1,830,2021-05-26T07:40:22.427,2021-05-26T07:40:26.743,07:40:22.427,07:40:22,0,650,0,#N/A,665.149,-1,0,0,0,0,0,0,0,0
limpid-josh,M4@bmm,8041,1280,32671,3,32671,2236,NULL,19835464,19835464,19835464,NULL,LIMIT,BUY,2,665,2021-05-26T07:40:24.951,2021-05-26T07:40:24.960,07:40:24.951,07:40:24,0,650,0,#N/A,667.673,1,0,0,0,0,0,0,0,0
limpid-josh,M7@bmm,8044,1280,32671,3,32671,2236,NULL,19835465,19835465,19835465,NULL,LIMIT,BUY,1,570,2021-05-26T07:40:25.073,2021-05-26T07:40:25.076,07:40:25.073,07:40:25,0,650,0,#N/A,667.795,1,0,0,0,0,0,0,0,0
limpid-josh,M2@bmm,8039,1280,32671,3,32671,2236,NULL,19835466,19835466,19835466,19835463,LIMIT,BUY,1,830,2021-05-26T07:40:26.737,2021-05-26T07:40:26.743,07:40:26.737,07:40:26,1,650,830,180,669.459,1,0,1,0,0,0,0,0,0
limpid-josh,M4@bmm,8041,1280,32671,3,32671,2236,NULL,19835467,19835467,19835467,NULL,LIMIT,BUY,2,660,2021-05-26T07:40:26.869,2021-05-26T07:40:26.872,07:40:26.869,07:40:26,0,650,0,#N/A,669.591,1,0,0,0,0,0,0,0,0
limpid-josh,M1@bmm,8038,1280,32671,3,32671,2236,NULL,19835468,19835468,19835468,19835499,LIMIT,BUY,1,685,2021-05-26T07:40:27.276,2021-05-26T07:41:07.138,07:40:27.276,07:40:27,0,650,0,#N/A,669.998,1,0,0,0,0,0,0,0,0
limpid-josh,M5@bmm,8042,1280,32671,3,32671,2236,NULL,19835469,19835469,19835469,19835472,LIMIT,SELL,1,715,2021-05-26T07:40:28.939,2021-05-26T07:40:34.374,07:40:28.939,07:40:28,0,650,0,#N/A,671.661,-1,0,0,0,0,0,0,0,0
limpid-josh,M4@bmm,8041,1280,32671,3,32671,2236,NULL,19835470,19835470,19835470,NULL,LIMIT,BUY,2,670,2021-05-26T07:40:32.408,2021-05-26T07:40:32.410,07:40:32.408,07:40:32,0,650,0,#N/A,675.13,1,0,0,0,0,0,0,0,0
limpid-josh,M4@bmm,8041,1280,32671,3,32671,2236,NULL,19835471,19835471,19835471,NULL,LIMIT,BUY,2,670,2021-05-26T07:40:33.094,2021-05-26T07:40:33.097,07:40:33.094,07:40:33,0,650,0,#N/A,675.816,1,0,0,0,0,0,0,0,0
limpid-josh,M2@bmm,8039,1280,32671,3,32671,2236,NULL,19835472,19835472,19835472,19835469,LIMIT,BUY,1,715,2021-05-26T07:40:34.367,2021-05-26T07:40:34.373,07:40:34.367,07:40:34,1,650,715,65,677.089,1,0,1,0,0,0,0,0,0
limpid-josh,M4@bmm,8041,1280,32671,3,32671,2236,NULL,19835473,19835473,19835473,NULL,LIMIT,BUY,2,675,2021-05-26T07:40:35.696,2021-05-26T07:40:35.699,07:40:35.696,07:40:35,0,650,0,#N/A,678.418,1,0,0,0,0,0,0,0,0
limpid-josh,M3@bmm,8040,1280,32671,3,32671,2236,NULL,19835474,19835474,19835474,NULL,LIMIT,SELL,1,855,2021-05-26T07:40:36.793,2021-05-26T07:40:36.796,07:40:36.793,07:40:36,0,650,0,#N/A,679.515,-1,0,0,0,0,0,0,0,0
limpid-josh,M8@bmm,8045,1280,32671,3,32671,2236,NULL,19835475,19835461,19835475,19835461,CANCEL,BUY,1,640,2021-05-26T07:40:37.529,2021-05-26T07:40:37.534,07:40:37.529,07:40:37,0,650,0,#N/A,680.251,1,0,0,0,0,0,0,0,0
limpid-josh,M6@bmm,8043,1280,32671,3,32671,2236,NULL,19835476,19835476,19835476,NULL,LIMIT,SELL,1,845,2021-05-26T07:40:38.190,2021-05-26T07:40:38.193,07:40:38.190,07:40:38,0,650,0,#N/A,680.912,-1,0,0,0,0,0,0,0,0
limpid-josh,M3@bmm,8040,1280,32671,3,32671,2236,NULL,19835477,19835477,19835477,NULL,LIMIT,SELL,1,825,2021-05-26T07:40:39.713,2021-05-26T07:40:39.716,07:40:39.713,07:40:39,0,650,0,#N/A,682.435,-1,0,0,0,0,0,0,0,0
limpid-josh,M4@bmm,8041,1280,32671,3,32671,2236,NULL,19835478,19835478,19835478,NULL,LIMIT,BUY,1,680,2021-05-26T07:40:43.552,2021-05-26T07:40:43.555,07:40:43.552,07:40:43,0,650,0,#N/A,686.274,1,0,0,0,0,0,0,0,0
limpid-josh,M3@bmm,8040,1280,32671,3,32671,2236,NULL,19835479,19835479,19835479,NULL,LIMIT,SELL,1,825,2021-05-26T07:40:45.400,2021-05-26T07:40:45.403,07:40:45.400,07:40:45,0,650,0,#N/A,688.122,-1,0,0,0,0,0,0,0,0
limpid-josh,M7@bmm,8044,1280,32671,3,32671,2236,NULL,19835480,19835480,19835480,19835486,LIMIT,SELL,1,715,2021-05-26T07:40:45.884,2021-05-26T07:40:52.330,07:40:45.884,07:40:45,0,650,0,#N/A,688.606,-1,0,0,0,0,0,0,0,0
limpid-josh,M8@bmm,8045,1280,32671,3,32671,2236,NULL,19835481,19835481,19835481,19835528,LIMIT,BUY,1,685,2021-05-26T07:40:46.092,2021-05-26T07:42:11.152,07:40:46.092,07:40:46,0,650,0,#N/A,688.814,1,0,0,0,0,0,0,0,0
limpid-josh,M1@bmm,8038,1280,32671,3,32671,2236,NULL,19835482,19835462,19835482,19835462,CANCEL,BUY,1,655,2021-05-26T07:40:46.881,2021-05-26T07:40:46.887,07:40:46.881,07:40:46,0,650,0,#N/A,689.603,1,0,0,0,0,0,0,0,0
limpid-josh,M6@bmm,8043,1280,32671,3,32671,2236,NULL,19835483,19835483,19835483,NULL,LIMIT,SELL,1,810,2021-05-26T07:40:47.925,2021-05-26T07:40:47.928,07:40:47.925,07:40:47,0,650,0,#N/A,690.647,-1,0,0,0,0,0,0,0,0
limpid-josh,M4@bmm,8041,1280,32671,3,32671,2236,NULL,19835484,19835484,19835484,NULL,LIMIT,BUY,1,680,2021-05-26T07:40:48.086,2021-05-26T07:40:48.088,07:40:48.086,07:40:48,0,650,0,#N/A,690.808,1,0,0,0,0,0,0,0,0
limpid-josh,M2@bmm,8039,1280,32671,3,32671,2236,NULL,19835485,19835485,19835485,0,LIMIT,BUY,1,825,2021-05-26T07:40:52.321,2021-05-26T07:40:52.330,07:40:52.321,07:40:52,0,650,0,#N/A,695.043,1,0,0,0,0,0,0,0,0
limpid-josh,M2@bmm,8039,1280,32671,3,32671,2236,NULL,19835486,19835485,19835485,19835480,LIMIT,BUY,1,715,2021-05-26T07:40:52.327,2021-05-26T07:40:52.330,07:40:52.327,07:40:52,1,650,715,65,695.049,1,0,1,0,0,0,0,0,0
limpid-josh,M8@bmm,8045,1280,32671,3,32671,2236,NULL,19835487,19835487,19835487,19835506,LIMIT,BUY,1,685,2021-05-26T07:40:52.383,2021-05-26T07:41:23.539,07:40:52.383,07:40:52,0,650,0,#N/A,695.105,1,0,0,0,0,0,0,0,0
limpid-josh,M4@bmm,8041,1280,32671,3,32671,2236,NULL,19835488,19835488,19835488,NULL,LIMIT,BUY,1,685,2021-05-26T07:40:53.270,2021-05-26T07:40:53.273,07:40:53.270,07:40:53,0,650,0,#N/A,695.992,1,0,0,0,0,0,0,0,0
limpid-josh,M3@bmm,8040,1280,32671,3,32671,2236,NULL,19835489,19835489,19835489,19835491,LIMIT,SELL,1,800,2021-05-26T07:40:56.978,2021-05-26T07:40:58.131,07:40:56.978,07:40:56,0,650,0,#N/A,699.7,-1,0,0,0,0,0,0,0,0
limpid-josh,M2@bmm,8039,1280,32671,3,32671,2236,NULL,19835490,19835490,19835490,0,LIMIT,BUY,1,810,2021-05-26T07:40:58.120,2021-05-26T07:40:58.130,07:40:58.120,07:40:58,0,650,0,#N/A,700.842,1,0,0,0,0,0,0,0,0
limpid-josh,M2@bmm,8039,1280,32671,3,32671,2236,NULL,19835491,19835490,19835490,19835489,LIMIT,BUY,1,800,2021-05-26T07:40:58.127,2021-05-26T07:40:58.131,07:40:58.127,07:40:58,1,650,800,150,700.849,1,0,1,0,0,0,0,0,0
limpid-josh,M3@bmm,8040,1280,32671,3,32671,2236,NULL,19835492,19835492,19835492,19835494,LIMIT,SELL,1,800,2021-05-26T07:40:58.262,2021-05-26T07:41:00.990,07:40:58.262,07:40:58,0,650,0,#N/A,700.984,-1,0,0,0,0,0,0,0,0
limpid-josh,M7@bmm,8044,1280,32671,3,32671,2236,NULL,19835493,19835493,19835493,0,LIMIT,BUY,1,815,2021-05-26T07:41:00.982,2021-05-26T07:41:00.990,07:41:00.982,07:41:00,0,650,0,#N/A,703.704,1,0,0,0,0,0,0,0,0
limpid-josh,M7@bmm,8044,1280,32671,3,32671,2236,NULL,19835494,19835493,19835493,19835492,LIMIT,BUY,1,800,2021-05-26T07:41:00.987,2021-05-26T07:41:00.991,07:41:00.987,07:41:00,1,650,800,150,703.709,1,0,0,0,0,0,0,1,0
limpid-josh,M3@bmm,8040,1280,32671,3,32671,2236,NULL,19835495,19835495,19835495,19835496,LIMIT,SELL,1,800,2021-05-26T07:41:01.223,2021-05-26T07:41:01.791,07:41:01.223,07:41:01,0,650,0,#N/A,703.945,-1,0,0,0,0,0,0,0,0
limpid-josh,M2@bmm,8039,1280,32671,3,32671,2236,NULL,19835496,19835496,19835496,19835495,LIMIT,BUY,1,800,2021-05-26T07:41:01.784,2021-05-26T07:41:01.790,07:41:01.784,07:41:01,1,650,800,150,704.506,1,0,1,0,0,0,0,0,0
limpid-josh,M4@bmm,8041,1280,32671,3,32671,2236,NULL,19835497,19835497,19835497,NULL,LIMIT,BUY,1,690,2021-05-26T07:41:03.191,2021-05-26T07:41:03.194,07:41:03.191,07:41:03,0,650,0,#N/A,705.913,1,0,0,0,0,0,0,0,0
limpid-josh,M1@bmm,8038,1280,32671,3,32671,2236,NULL,19835498,19835498,19835498,19835508,LIMIT,BUY,1,695,2021-05-26T07:41:05.616,2021-05-26T07:41:25.332,07:41:05.616,07:41:05,0,650,0,#N/A,708.338,1,0,0,0,0,0,0,0,0
limpid-josh,M1@bmm,8038,1280,32671,3,32671,2236,NULL,19835499,19835468,19835499,19835468,CANCEL,BUY,1,685,2021-05-26T07:41:07.133,2021-05-26T07:41:07.138,07:41:07.133,07:41:07,0,650,0,#N/A,709.855,1,0,0,0,0,0,0,0,0
limpid-josh,M2@bmm,8039,1280,32671,3,32671,2236,NULL,19835500,19835500,19835500,19835505,LIMIT,SELL,1,805,2021-05-26T07:41:11.767,2021-05-26T07:41:21.874,07:41:11.767,07:41:11,0,650,0,#N/A,714.489,-1,0,0,0,0,0,0,0,0
limpid-josh,M5@bmm,8042,1280,32671,3,32671,2236,NULL,19835501,19835501,19835501,19835511,LIMIT,SELL,1,750,2021-05-26T07:41:12.297,2021-05-26T07:41:29.175,07:41:12.297,07:41:12,0,650,0,#N/A,715.019,-1,0,0,0,0,0,0,0,0
limpid-josh,M4@bmm,8041,1280,32671,3,32671,2236,NULL,19835502,19835502,19835502,19835517,LIMIT,SELL,1,765,2021-05-26T07:41:16.435,2021-05-26T07:41:46.687,07:41:16.435,07:41:16,0,650,0,#N/A,719.157,-1,0,0,0,0,0,0,0,0
limpid-josh,M8@bmm,8045,1280,32671,3,32671,2236,NULL,19835503,19835503,19835503,19835549,LIMIT,BUY,1,695,2021-05-26T07:41:18.600,2021-05-26T07:43:01.813,07:41:18.600,07:41:18,0,650,0,#N/A,721.322,1,0,0,0,0,0,0,0,0
limpid-josh,M7@bmm,8044,1280,32671,3,32671,2236,NULL,19835504,19835504,19835504,19835507,LIMIT,SELL,1,700,2021-05-26T07:41:20.269,2021-05-26T07:41:23.860,07:41:20.269,07:41:20,0,650,0,#N/A,722.991,-1,0,0,0,0,0,0,0,0
limpid-josh,M2@bmm,8039,1280,32671,3,32671,2236,NULL,19835505,19835500,19835505,19835500,CANCEL,SELL,1,805,2021-05-26T07:41:21.865,2021-05-26T07:41:21.874,07:41:21.865,07:41:21,0,650,0,#N/A,724.587,-1,0,0,0,0,0,0,0,0
limpid-josh,M8@bmm,8045,1280,32671,3,32671,2236,NULL,19835506,19835487,19835506,19835487,CANCEL,BUY,1,685,2021-05-26T07:41:23.532,2021-05-26T07:41:23.538,07:41:23.532,07:41:23,0,650,0,#N/A,726.254,1,0,0,0,0,0,0,0,0
limpid-josh,M1@bmm,8038,1280,32671,3,32671,2236,NULL,19835507,19835507,19835507,19835504,LIMIT,BUY,1,700,2021-05-26T07:41:23.851,2021-05-26T07:41:23.860,07:41:23.851,07:41:23,1,650,700,50,726.573,1,1,0,0,0,0,0,0,0
limpid-josh,M6@bmm,8043,1280,32671,3,32671,2236,NULL,19835508,19835508,19835508,19835498,LIMIT,SELL,1,695,2021-05-26T07:41:25.325,2021-05-26T07:41:25.331,07:41:25.325,07:41:25,1,650,695,45,728.047,-1,0,0,0,0,0,1,0,0
limpid-josh,M4@bmm,8041,1280,32671,3,32671,2236,NULL,19835509,19835509,19835509,NULL,LIMIT,BUY,1,695,2021-05-26T07:41:26.938,2021-05-26T07:41:26.941,07:41:26.938,07:41:26,0,650,0,#N/A,729.66,1,0,0,0,0,0,0,0,0
limpid-josh,M7@bmm,8044,1280,32671,3,32671,2236,NULL,19835510,19835510,19835510,0,LIMIT,BUY,1,760,2021-05-26T07:41:29.165,2021-05-26T07:41:29.175,07:41:29.165,07:41:29,0,650,0,#N/A,731.887,1,0,0,0,0,0,0,0,0
limpid-josh,M7@bmm,8044,1280,32671,3,32671,2236,NULL,19835511,19835510,19835510,19835501,LIMIT,BUY,1,750,2021-05-26T07:41:29.172,2021-05-26T07:41:29.175,07:41:29.172,07:41:29,1,650,750,100,731.894,1,0,0,0,0,0,0,1,0
limpid-josh,M2@bmm,8039,1280,32671,3,32671,2236,NULL,19835512,19835512,19835512,19835515,LIMIT,BUY,1,695,2021-05-26T07:41:30.042,2021-05-26T07:41:44.604,07:41:30.042,07:41:30,0,650,0,#N/A,732.764,1,0,0,0,0,0,0,0,0
limpid-josh,M5@bmm,8042,1280,32671,3,32671,2236,NULL,19835513,19835513,19835513,19835524,LIMIT,BUY,1,680,2021-05-26T07:41:32.921,2021-05-26T07:42:00.296,07:41:32.921,07:41:32,0,650,0,#N/A,735.643,1,0,0,0,0,0,0,0,0
limpid-josh,M4@bmm,8041,1280,32671,3,32671,2236,NULL,19835514,19835514,19835514,NULL,LIMIT,SELL,1,770,2021-05-26T07:41:44.384,2021-05-26T07:41:44.387,07:41:44.384,07:41:44,0,650,0,#N/A,747.106,-1,0,0,0,0,0,0,0,0
limpid-josh,M2@bmm,8039,1280,32671,3,32671,2236,NULL,19835515,19835512,19835515,19835512,CANCEL,BUY,1,695,2021-05-26T07:41:44.598,2021-05-26T07:41:44.604,07:41:44.598,07:41:44,0,650,0,#N/A,747.32,1,0,0,0,0,0,0,0,0
limpid-josh,M6@bmm,8043,1280,32671,3,32671,2236,NULL,19835516,19835516,19835516,19835531,LIMIT,SELL,1,720,2021-05-26T07:41:44.924,2021-05-26T07:42:14.680,07:41:44.924,07:41:44,0,650,0,#N/A,747.646,-1,0,0,0,0,0,0,0,0
limpid-josh,M4@bmm,8041,1280,32671,3,32671,2236,NULL,19835517,19835502,19835517,19835502,CANCEL,SELL,1,765,2021-05-26T07:41:46.681,2021-05-26T07:41:46.686,07:41:46.681,07:41:46,0,650,0,#N/A,749.403,-1,0,0,0,0,0,0,0,0
limpid-josh,M7@bmm,8044,1280,32671,3,32671,2236,NULL,19835518,19835518,19835518,19835520,LIMIT,SELL,1,700,2021-05-26T07:41:47.132,2021-05-26T07:41:50.539,07:41:47.132,07:41:47,0,650,0,#N/A,749.854,-1,0,0,0,0,0,0,0,0
limpid-josh,M2@bmm,8039,1280,32671,3,32671,2236,NULL,19835519,19835459,19835519,19835459,CANCEL,BUY,1,635,2021-05-26T07:41:47.554,2021-05-26T07:41:47.560,07:41:47.554,07:41:47,0,650,0,#N/A,750.276,1,0,0,0,0,0,0,0,0
limpid-josh,M7@bmm,8044,1280,32671,3,32671,2236,NULL,19835520,19835520,19835520,19835518,LIMIT,BUY,1,700,2021-05-26T07:41:50.532,2021-05-26T07:41:50.538,07:41:50.532,07:41:50,1,650,700,50,753.254,1,0,0,0,0,0,0,1,0
limpid-josh,M1@bmm,8038,1280,32671,3,32671,2236,NULL,19835521,19835521,19835521,19835522,LIMIT,SELL,1,710,2021-05-26T07:41:54.297,2021-05-26T07:41:55.078,07:41:54.297,07:41:54,0,650,0,#N/A,757.019,-1,0,0,0,0,0,0,0,0
limpid-josh,M2@bmm,8039,1280,32671,3,32671,2236,NULL,19835522,19835522,19835522,19835521,LIMIT,BUY,1,710,2021-05-26T07:41:55.072,2021-05-26T07:41:55.078,07:41:55.072,07:41:55,1,650,710,60,757.794,1,0,1,0,0,0,0,0,0
limpid-josh,M4@bmm,8041,1280,32671,3,32671,2236,NULL,19835523,19835523,19835523,NULL,LIMIT,BUY,1,695,2021-05-26T07:41:59.137,2021-05-26T07:41:59.139,07:41:59.137,07:41:59,0,650,0,#N/A,761.859,1,0,0,0,0,0,0,0,0
limpid-josh,M5@bmm,8042,1280,32671,3,32671,2236,NULL,19835524,19835513,19835524,19835513,CANCEL,BUY,1,680,2021-05-26T07:42:00.290,2021-05-26T07:42:00.296,07:42:00.290,07:42:00,0,650,0,#N/A,763.012,1,0,0,0,0,0,0,0,0
limpid-josh,M7@bmm,8044,1280,32671,3,32671,2236,NULL,19835525,19835525,19835525,19835529,LIMIT,SELL,1,705,2021-05-26T07:42:01.876,2021-05-26T07:42:11.666,07:42:01.876,07:42:01,0,650,0,#N/A,764.598,-1,0,0,0,0,0,0,0,0
limpid-josh,M4@bmm,8041,1280,32671,3,32671,2236,NULL,19835526,19835526,19835526,NULL,LIMIT,BUY,1,700,2021-05-26T07:42:07.081,2021-05-26T07:42:07.084,07:42:07.081,07:42:07,0,650,0,#N/A,769.803,1,0,0,0,0,0,0,0,0
limpid-josh,M5@bmm,8042,1280,32671,3,32671,2236,NULL,19835527,19835527,19835527,19835546,LIMIT,SELL,1,720,2021-05-26T07:42:07.120,2021-05-26T07:42:54.398,07:42:07.120,07:42:07,0,650,0,#N/A,769.842,-1,0,0,0,0,0,0,0,0
limpid-josh,M8@bmm,8045,1280,32671,3,32671,2236,NULL,19835528,19835481,19835528,19835481,CANCEL,BUY,1,685,2021-05-26T07:42:11.146,2021-05-26T07:42:11.152,07:42:11.146,07:42:11,0,650,0,#N/A,773.868,1,0,0,0,0,0,0,0,0
limpid-josh,M1@bmm,8038,1280,32671,3,32671,2236,NULL,19835529,19835529,19835529,19835525,LIMIT,BUY,1,705,2021-05-26T07:42:11.659,2021-05-26T07:42:11.665,07:42:11.659,07:42:11,1,650,705,55,774.381,1,1,0,0,0,0,0,0,0
limpid-josh,M7@bmm,8044,1280,32671,3,32671,2236,NULL,19835530,19835530,19835530,0,LIMIT,BUY,1,730,2021-05-26T07:42:14.670,2021-05-26T07:42:14.679,07:42:14.670,07:42:14,0,650,0,#N/A,777.392,1,0,0,0,0,0,0,0,0
limpid-josh,M7@bmm,8044,1280,32671,3,32671,2236,NULL,19835531,19835530,19835530,19835516,LIMIT,BUY,1,720,2021-05-26T07:42:14.676,2021-05-26T07:42:14.680,07:42:14.676,07:42:14,1,650,720,70,777.398,1,0,0,0,0,0,0,1,0
limpid-josh,M6@bmm,8043,1280,32671,3,32671,2236,NULL,19835532,19835532,19835532,NULL,LIMIT,BUY,1,635,2021-05-26T07:42:15.270,2021-05-26T07:42:15.273,07:42:15.270,07:42:15,0,650,0,#N/A,777.992,1,0,0,0,0,0,0,0,0
limpid-josh,M8@bmm,8045,1280,32671,3,32671,2236,NULL,19835533,19835533,19835533,19835555,LIMIT,BUY,1,705,2021-05-26T07:42:16.375,2021-05-26T07:43:21.192,07:42:16.375,07:42:16,0,650,0,#N/A,779.097,1,0,0,0,0,0,0,0,0
limpid-josh,M4@bmm,8041,1280,32671,3,32671,2236,NULL,19835534,19835534,19835534,NULL,LIMIT,BUY,1,705,2021-05-26T07:42:20.309,2021-05-26T07:42:20.311,07:42:20.309,07:42:20,0,650,0,#N/A,783.031,1,0,0,0,0,0,0,0,0
limpid-josh,M3@bmm,8040,1280,32671,3,32671,2236,NULL,19835535,19835535,19835535,19835537,LIMIT,BUY,1,700,2021-05-26T07:42:26.931,2021-05-26T07:42:29.250,07:42:26.931,07:42:26,0,650,0,#N/A,789.653,1,0,0,0,0,0,0,0,0
limpid-josh,M7@bmm,8044,1280,32671,3,32671,2236,NULL,19835536,19835536,19835536,NULL,LIMIT,SELL,1,730,2021-05-26T07:42:27.427,2021-05-26T07:42:27.430,07:42:27.427,07:42:27,0,650,0,#N/A,790.149,-1,0,0,0,0,0,0,0,0
limpid-josh,M3@bmm,8040,1280,32671,3,32671,2236,NULL,19835537,19835535,19835537,19835535,CANCEL,BUY,1,700,2021-05-26T07:42:29.244,2021-05-26T07:42:29.250,07:42:29.244,07:42:29,0,650,0,#N/A,791.966,1,0,0,0,0,0,0,0,0
limpid-josh,M2@bmm,8039,1280,32671,3,32671,2236,NULL,19835538,19835538,19835538,19835552,LIMIT,SELL,1,750,2021-05-26T07:42:30.139,2021-05-26T07:43:12.782,07:42:30.139,07:42:30,0,650,0,#N/A,792.861,-1,0,0,0,0,0,0,0,0
limpid-josh,M6@bmm,8043,1280,32671,3,32671,2236,NULL,19835539,19835539,19835539,19835540,LIMIT,SELL,1,710,2021-05-26T07:42:35,2021-05-26T07:42:36.506,07:42:35,#VALUE!,0,650,0,#N/A,797.722,-1,0,0,0,0,0,0,0,0
limpid-josh,M1@bmm,8038,1280,32671,3,32671,2236,NULL,19835540,19835540,19835540,19835539,LIMIT,BUY,1,710,2021-05-26T07:42:36.500,2021-05-26T07:42:36.506,07:42:36.500,07:42:36,1,650,710,60,799.222,1,1,0,0,0,0,0,0,0
limpid-josh,M2@bmm,8039,1280,32671,3,32671,2236,NULL,19835541,19835541,19835541,19835542,LIMIT,SELL,1,710,2021-05-26T07:42:48.068,2021-05-26T07:42:51.271,07:42:48.068,07:42:48,0,650,0,#N/A,810.79,-1,0,0,0,0,0,0,0,0
limpid-josh,M4@bmm,8041,1280,32671,3,32671,2236,NULL,19835542,19835542,19835542,19835541,LIMIT,BUY,1,710,2021-05-26T07:42:51.264,2021-05-26T07:42:51.271,07:42:51.264,07:42:51,1,650,710,60,813.986,1,0,0,0,1,0,0,0,0
limpid-josh,M6@bmm,8043,1280,32671,3,32671,2236,NULL,19835543,19835543,19835543,NULL,LIMIT,BUY,1,695,2021-05-26T07:42:51.422,2021-05-26T07:42:51.425,07:42:51.422,07:42:51,0,650,0,#N/A,814.144,1,0,0,0,0,0,0,0,0
limpid-josh,M3@bmm,8040,1280,32671,3,32671,2236,NULL,19835544,19835544,19835544,19835575,LIMIT,BUY,1,700,2021-05-26T07:42:53.913,2021-05-26T07:43:57.303,07:42:53.913,07:42:53,0,650,0,#N/A,816.635,1,0,0,0,0,0,0,0,0
limpid-josh,M7@bmm,8044,1280,32671,3,32671,2236,NULL,19835545,19835545,19835545,0,LIMIT,BUY,1,730,2021-05-26T07:42:54.389,2021-05-26T07:42:54.398,07:42:54.389,07:42:54,0,650,0,#N/A,817.111,1,0,0,0,0,0,0,0,0
limpid-josh,M7@bmm,8044,1280,32671,3,32671,2236,NULL,19835546,19835545,19835545,19835527,LIMIT,BUY,1,720,2021-05-26T07:42:54.395,2021-05-26T07:42:54.399,07:42:54.395,07:42:54,1,650,720,70,817.117,1,0,0,0,0,0,0,1,0
limpid-josh,M4@bmm,8041,1280,32671,3,32671,2236,NULL,19835547,19835547,19835547,NULL,LIMIT,BUY,1,710,2021-05-26T07:42:56.223,2021-05-26T07:42:56.226,07:42:56.223,07:42:56,0,650,0,#N/A,818.945,1,0,0,0,0,0,0,0,0
limpid-josh,M3@bmm,8040,1280,32671,3,32671,2236,NULL,19835548,19835548,19835548,19835574,LIMIT,BUY,1,700,2021-05-26T07:42:56.477,2021-05-26T07:43:56.499,07:42:56.477,07:42:56,0,650,0,#N/A,819.199,1,0,0,0,0,0,0,0,0
limpid-josh,M8@bmm,8045,1280,32671,3,32671,2236,NULL,19835549,19835503,19835549,19835503,CANCEL,BUY,1,695,2021-05-26T07:43:01.807,2021-05-26T07:43:01.812,07:43:01.807,07:43:01,0,650,0,#N/A,824.529,1,0,0,0,0,0,0,0,0
limpid-josh,M2@bmm,8039,1280,32671,3,32671,2236,NULL,19835550,19835550,19835550,19835561,LIMIT,SELL,1,720,2021-05-26T07:43:02.640,2021-05-26T07:43:27.650,07:43:02.640,07:43:02,0,650,0,#N/A,825.362,-1,0,0,0,0,0,0,0,0
limpid-josh,M8@bmm,8045,1280,32671,3,32671,2236,NULL,19835551,19835551,19835551,19835569,LIMIT,BUY,1,710,2021-05-26T07:43:11.382,2021-05-26T07:43:46.967,07:43:11.382,07:43:11,0,650,0,#N/A,834.104,1,0,0,0,0,0,0,0,0
limpid-josh,M2@bmm,8039,1280,32671,3,32671,2236,NULL,19835552,19835538,19835552,19835538,CANCEL,SELL,1,750,2021-05-26T07:43:12.776,2021-05-26T07:43:12.782,07:43:12.776,07:43:12,0,650,0,#N/A,835.498,-1,0,0,0,0,0,0,0,0
limpid-josh,M6@bmm,8043,1280,32671,3,32671,2236,NULL,19835553,19835553,19835553,19835554,LIMIT,BUY,1,715,2021-05-26T07:43:17.080,2021-05-26T07:43:21.165,07:43:17.080,07:43:17,0,650,0,#N/A,839.802,1,0,0,0,0,0,0,0,0
limpid-josh,M6@bmm,8043,1280,32671,3,32671,2236,NULL,19835554,19835553,19835554,19835553,CANCEL,BUY,1,715,2021-05-26T07:43:21.159,2021-05-26T07:43:21.165,07:43:21.159,07:43:21,0,650,0,#N/A,843.881,1,0,0,0,0,0,0,0,0
limpid-josh,M8@bmm,8045,1280,32671,3,32671,2236,NULL,19835555,19835533,19835555,19835533,CANCEL,BUY,1,705,2021-05-26T07:43:21.187,2021-05-26T07:43:21.192,07:43:21.187,07:43:21,0,650,0,#N/A,843.909,1,0,0,0,0,0,0,0,0
limpid-josh,M5@bmm,8042,1280,32671,3,32671,2236,NULL,19835556,19835556,19835556,19835558,LIMIT,SELL,1,715,2021-05-26T07:43:21.294,2021-05-26T07:43:22.326,07:43:21.294,07:43:21,0,650,0,#N/A,844.016,-1,0,0,0,0,0,0,0,0
limpid-josh,M1@bmm,8038,1280,32671,3,32671,2236,NULL,19835557,19835557,19835557,0,LIMIT,BUY,1,720,2021-05-26T07:43:22.317,2021-05-26T07:43:22.326,07:43:22.317,07:43:22,0,650,0,#N/A,845.039,1,0,0,0,0,0,0,0,0
limpid-josh,M1@bmm,8038,1280,32671,3,32671,2236,NULL,19835558,19835557,19835557,19835556,LIMIT,BUY,1,715,2021-05-26T07:43:22.323,2021-05-26T07:43:22.326,07:43:22.323,07:43:22,1,650,715,65,845.045,1,1,0,0,0,0,0,0,0
limpid-josh,M6@bmm,8043,1280,32671,3,32671,2236,NULL,19835559,19835559,19835559,19835563,LIMIT,SELL,1,715,2021-05-26T07:43:25.790,2021-05-26T07:43:32.313,07:43:25.790,07:43:25,0,650,0,#N/A,848.512,-1,0,0,0,0,0,0,0,0
limpid-josh,M7@bmm,8044,1280,32671,3,32671,2236,NULL,19835560,19835560,19835560,19835571,LIMIT,SELL,1,720,2021-05-26T07:43:27.045,2021-05-26T07:43:48.255,07:43:27.045,07:43:27,0,650,0,#N/A,849.767,-1,0,0,0,0,0,0,0,0
limpid-josh,M2@bmm,8039,1280,32671,3,32671,2236,NULL,19835561,19835550,19835561,19835550,CANCEL,SELL,1,720,2021-05-26T07:43:27.645,2021-05-26T07:43:27.650,07:43:27.645,07:43:27,0,650,0,#N/A,850.367,-1,0,0,0,0,0,0,0,0
limpid-josh,M7@bmm,8044,1280,32671,3,32671,2236,NULL,19835562,19835562,19835562,0,LIMIT,BUY,1,720,2021-05-26T07:43:32.294,2021-05-26T07:43:32.313,07:43:32.294,07:43:32,0,650,0,#N/A,855.016,1,0,0,0,0,0,0,0,0
limpid-josh,M7@bmm,8044,1280,32671,3,32671,2236,NULL,19835563,19835562,19835562,19835559,LIMIT,BUY,1,715,2021-05-26T07:43:32.307,2021-05-26T07:43:32.314,07:43:32.307,07:43:32,1,650,715,65,855.029,1,0,0,0,0,0,0,1,0
limpid-josh,M7@bmm,8044,1280,32671,3,32671,2236,NULL,19835564,19835564,19835564,19835566,LIMIT,SELL,1,715,2021-05-26T07:43:40.878,2021-05-26T07:43:41.126,07:43:40.878,07:43:40,0,650,0,#N/A,863.6,-1,0,0,0,0,0,0,0,0
limpid-josh,M2@bmm,8039,1280,32671,3,32671,2236,NULL,19835565,19835565,19835565,0,LIMIT,BUY,2,715,2021-05-26T07:43:41.113,2021-05-26T07:43:41.126,07:43:41.113,07:43:41,0,650,0,#N/A,863.835,1,0,0,0,0,0,0,0,0
limpid-josh,M2@bmm,8039,1280,32671,3,32671,2236,NULL,19835566,19835565,19835565,19835564,LIMIT,BUY,1,715,2021-05-26T07:43:41.120,2021-05-26T07:43:41.126,07:43:41.120,07:43:41,1,650,715,65,863.842,1,0,1,0,0,0,0,0,0
limpid-josh,M2@bmm,8039,1280,32671,3,32671,2236,NULL,19835567,19835565,19835565,NULL,LIMIT,BUY,1,715,2021-05-26T07:43:41.113,2021-05-26T07:43:41.126,07:43:41.113,07:43:41,0,650,0,#N/A,863.835,1,0,0,0,0,0,0,0,0
limpid-josh,M8@bmm,8045,1280,32671,3,32671,2236,NULL,19835568,19835568,19835568,NULL,LIMIT,BUY,1,715,2021-05-26T07:43:45.235,2021-05-26T07:43:45.237,07:43:45.235,07:43:45,0,650,0,#N/A,867.957,1,0,0,0,0,0,0,0,0
limpid-josh,M8@bmm,8045,1280,32671,3,32671,2236,NULL,19835569,19835551,19835569,19835551,CANCEL,BUY,1,710,2021-05-26T07:43:46.961,2021-05-26T07:43:46.966,07:43:46.961,07:43:46,0,650,0,#N/A,869.683,1,0,0,0,0,0,0,0,0
limpid-josh,M7@bmm,8044,1280,32671,3,32671,2236,NULL,19835570,19835570,19835570,0,LIMIT,BUY,1,745,2021-05-26T07:43:48.240,2021-05-26T07:43:48.248,07:43:48.240,07:43:48,0,650,0,#N/A,870.962,1,0,0,0,0,0,0,0,0
limpid-josh,M7@bmm,8044,1280,32671,3,32671,2236,NULL,19835571,19835570,19835570,19835560,LIMIT,BUY,1,720,2021-05-26T07:43:48.245,2021-05-26T07:43:48.248,07:43:48.245,07:43:48,1,650,720,70,870.967,1,0,0,0,0,0,0,1,0
limpid-josh,M3@bmm,8040,1280,32671,3,32671,2236,NULL,19835572,19835572,19835572,NULL,LIMIT,BUY,1,715,2021-05-26T07:43:48.864,2021-05-26T07:43:48.867,07:43:48.864,07:43:48,0,650,0,#N/A,871.586,1,0,0,0,0,0,0,0,0
limpid-josh,M6@bmm,8043,1280,32671,3,32671,2236,NULL,19835573,19835573,19835573,NULL,LIMIT,SELL,1,725,2021-05-26T07:43:54.153,2021-05-26T07:43:54.155,07:43:54.153,07:43:54,0,650,0,#N/A,876.875,-1,0,0,0,0,0,0,0,0
limpid-josh,M3@bmm,8040,1280,32671,3,32671,2236,NULL,19835574,19835548,19835574,19835548,CANCEL,BUY,1,700,2021-05-26T07:43:56.493,2021-05-26T07:43:56.499,07:43:56.493,07:43:56,0,650,0,#N/A,879.215,1,0,0,0,0,0,0,0,0
limpid-josh,M3@bmm,8040,1280,32671,3,32671,2236,NULL,19835575,19835544,19835575,19835544,CANCEL,BUY,1,700,2021-05-26T07:43:57.297,2021-05-26T07:43:57.303,07:43:57.297,07:43:57,0,650,0,#N/A,880.019,1,0,0,0,0,0,0,0,0
limpid-josh,M2@bmm,8039,1280,32672,4,32672,2236,NULL,19835576,19835576,19835576,19835579,LIMIT,SELL,1,605,2021-05-26T07:44:27.612,2021-05-26T07:44:29.149,07:44:27.612,07:44:27,0,600,0,#N/A,910.334,-1,0,0,0,0,0,0,0,0
limpid-josh,M4@bmm,8041,1280,32672,4,32672,2236,NULL,19835577,19835577,19835577,NULL,LIMIT,SELL,1,830,2021-05-26T07:44:28.329,2021-05-26T07:44:28.331,07:44:28.329,07:44:28,0,600,0,#N/A,911.051,-1,0,0,0,0,0,0,0,0
limpid-josh,M8@bmm,8045,1280,32672,4,32672,2236,NULL,19835578,19835578,19835578,0,LIMIT,BUY,2,625,2021-05-26T07:44:29.137,2021-05-26T07:44:29.149,07:44:29.137,07:44:29,0,600,0,#N/A,911.859,1,0,0,0,0,0,0,0,0
limpid-josh,M8@bmm,8045,1280,32672,4,32672,2236,NULL,19835579,19835578,19835578,19835576,LIMIT,BUY,1,605,2021-05-26T07:44:29.143,2021-05-26T07:44:29.149,07:44:29.143,07:44:29,1,600,605,5,911.865,1,0,0,0,0,0,0,0,1
limpid-josh,M8@bmm,8045,1280,32672,4,32672,2236,NULL,19835580,19835578,19835578,19835624,LIMIT,BUY,1,625,2021-05-26T07:44:29.137,2021-05-26T07:45:36.515,07:44:29.137,07:44:29,0,600,0,#N/A,911.859,1,0,0,0,0,0,0,0,0
limpid-josh,M7@bmm,8044,1280,32672,4,32672,2236,NULL,19835581,19835581,19835581,19835594,LIMIT,BUY,1,285,2021-05-26T07:44:31.062,2021-05-26T07:44:51.282,07:44:31.062,07:44:31,0,600,0,#N/A,913.784,1,0,0,0,0,0,0,0,0
limpid-josh,M6@bmm,8043,1280,32672,4,32672,2236,NULL,19835582,19835582,19835582,NULL,LIMIT,BUY,1,575,2021-05-26T07:44:31.230,2021-05-26T07:44:31.233,07:44:31.230,07:44:31,0,600,0,#N/A,913.952,1,0,0,0,0,0,0,0,0
limpid-josh,M3@bmm,8040,1280,32672,4,32672,2236,NULL,19835583,19835583,19835583,19835643,LIMIT,BUY,1,605,2021-05-26T07:44:31.809,2021-05-26T07:46:10.873,07:44:31.809,07:44:31,0,600,0,#N/A,914.531,1,0,0,0,0,0,0,0,0
limpid-josh,M4@bmm,8041,1280,32672,4,32672,2236,NULL,19835584,19835584,19835584,NULL,LIMIT,BUY,1,695,2021-05-26T07:44:33.731,2021-05-26T07:44:33.734,07:44:33.731,07:44:33,0,600,0,#N/A,916.453,1,0,0,0,0,0,0,0,0
limpid-josh,M3@bmm,8040,1280,32672,4,32672,2236,NULL,19835585,19835585,19835585,19835641,LIMIT,BUY,1,605,2021-05-26T07:44:34.432,2021-05-26T07:46:10.100,07:44:34.432,07:44:34,0,600,0,#N/A,917.154,1,0,0,0,0,0,0,0,0
limpid-josh,M4@bmm,8041,1280,32672,4,32672,2236,NULL,19835586,19835586,19835586,NULL,LIMIT,BUY,1,605,2021-05-26T07:44:34.672,2021-05-26T07:44:34.674,07:44:34.672,07:44:34,0,600,0,#N/A,917.394,1,0,0,0,0,0,0,0,0
limpid-josh,M4@bmm,8041,1280,32672,4,32672,2236,NULL,19835587,19835587,19835587,NULL,LIMIT,BUY,1,650,2021-05-26T07:44:37.632,2021-05-26T07:44:37.635,07:44:37.632,07:44:37,0,600,0,#N/A,920.354,1,0,0,0,0,0,0,0,0
limpid-josh,M4@bmm,8041,1280,32672,4,32672,2236,NULL,19835588,19835588,19835588,NULL,LIMIT,BUY,1,700,2021-05-26T07:44:40.607,2021-05-26T07:44:40.610,07:44:40.607,07:44:40,0,600,0,#N/A,923.329,1,0,0,0,0,0,0,0,0
limpid-josh,M7@bmm,8044,1280,32672,4,32672,2236,NULL,19835589,19835589,19835589,19835652,LIMIT,SELL,1,835,2021-05-26T07:44:43.317,2021-05-26T07:46:35.541,07:44:43.317,07:44:43,0,600,0,#N/A,926.039,-1,0,0,0,0,0,0,0,0
limpid-josh,M2@bmm,8039,1280,32672,4,32672,2236,NULL,19835590,19835590,19835590,19835603,LIMIT,SELL,1,745,2021-05-26T07:44:44.658,2021-05-26T07:45:02.771,07:44:44.658,07:44:44,0,600,0,#N/A,927.38,-1,0,0,0,0,0,0,0,0
limpid-josh,M5@bmm,8042,1280,32672,4,32672,2236,NULL,19835591,19835591,19835591,19835649,LIMIT,SELL,1,765,2021-05-26T07:44:45.734,2021-05-26T07:46:29.837,07:44:45.734,07:44:45,0,600,0,#N/A,928.456,-1,0,0,0,0,0,0,0,0
limpid-josh,M4@bmm,8041,1280,32672,4,32672,2236,NULL,19835592,19835592,19835592,NULL,LIMIT,BUY,1,665,2021-05-26T07:44:46.288,2021-05-26T07:44:46.291,07:44:46.288,07:44:46,0,600,0,#N/A,929.01,1,0,0,0,0,0,0,0,0
limpid-josh,M4@bmm,8041,1280,32672,4,32672,2236,NULL,19835593,19835593,19835593,NULL,LIMIT,BUY,1,690,2021-05-26T07:44:51.257,2021-05-26T07:44:51.259,07:44:51.257,07:44:51,0,600,0,#N/A,933.979,1,0,0,0,0,0,0,0,0
limpid-josh,M7@bmm,8044,1280,32672,4,32672,2236,NULL,19835594,19835581,19835594,19835581,CANCEL,BUY,1,285,2021-05-26T07:44:51.275,2021-05-26T07:44:51.281,07:44:51.275,07:44:51,0,600,0,#N/A,933.997,1,0,0,0,0,0,0,0,0
limpid-josh,M4@bmm,8041,1280,32672,4,32672,2236,NULL,19835595,19835595,19835595,NULL,LIMIT,BUY,1,695,2021-05-26T07:44:52.776,2021-05-26T07:44:52.778,07:44:52.776,07:44:52,0,600,0,#N/A,935.498,1,0,0,0,0,0,0,0,0
limpid-josh,M4@bmm,8041,1280,32672,4,32672,2236,NULL,19835596,19835596,19835596,NULL,LIMIT,BUY,1,695,2021-05-26T07:44:53.319,2021-05-26T07:44:53.322,07:44:53.319,07:44:53,0,600,0,#N/A,936.041,1,0,0,0,0,0,0,0,0
limpid-josh,M8@bmm,8045,1280,32672,4,32672,2236,NULL,19835597,19835597,19835597,19835606,LIMIT,BUY,2,705,2021-05-26T07:44:54.915,2021-05-26T07:45:06.809,07:44:54.915,07:44:54,0,600,0,#N/A,937.637,1,0,0,0,0,0,0,0,0
limpid-josh,M7@bmm,8044,1280,32672,4,32672,2236,NULL,19835598,19835598,19835598,19835640,LIMIT,BUY,1,605,2021-05-26T07:44:57.141,2021-05-26T07:46:07.573,07:44:57.141,07:44:57,0,600,0,#N/A,939.863,1,0,0,0,0,0,0,0,0
limpid-josh,M3@bmm,8040,1280,32672,4,32672,2236,NULL,19835599,19835599,19835599,19835611,LIMIT,SELL,1,730,2021-05-26T07:44:57.920,2021-05-26T07:45:15.143,07:44:57.920,07:44:57,0,600,0,#N/A,940.642,-1,0,0,0,0,0,0,0,0
limpid-josh,M1@bmm,8038,1280,32672,4,32672,2236,NULL,19835600,19835600,19835600,19835615,LIMIT,SELL,1,735,2021-05-26T07:45:00.828,2021-05-26T07:45:19.533,07:45:00.828,07:45:00,0,600,0,#N/A,943.55,-1,0,0,0,0,0,0,0,0
limpid-josh,M4@bmm,8041,1280,32672,4,32672,2236,NULL,19835601,19835601,19835601,NULL,LIMIT,SELL,1,810,2021-05-26T07:45:01.712,2021-05-26T07:45:01.714,07:45:01.712,07:45:01,0,600,0,#N/A,944.434,-1,0,0,0,0,0,0,0,0
limpid-josh,M3@bmm,8040,1280,32672,4,32672,2236,NULL,19835602,19835602,19835602,19835671,LIMIT,SELL,1,730,2021-05-26T07:45:02.296,2021-05-26T07:47:34.642,07:45:02.296,07:45:02,0,600,0,#N/A,945.018,-1,0,0,0,0,0,0,0,0
limpid-josh,M2@bmm,8039,1280,32672,4,32672,2236,NULL,19835603,19835590,19835603,19835590,CANCEL,SELL,1,745,2021-05-26T07:45:02.763,2021-05-26T07:45:02.770,07:45:02.763,07:45:02,0,600,0,#N/A,945.485,-1,0,0,0,0,0,0,0,0
limpid-josh,M8@bmm,8045,1280,32672,4,32672,2236,NULL,19835604,19835604,19835604,19835610,LIMIT,BUY,2,715,2021-05-26T07:45:03.274,2021-05-26T07:45:14.879,07:45:03.274,07:45:03,0,600,0,#N/A,945.996,1,0,0,0,0,0,0,0,0
limpid-josh,M5@bmm,8042,1280,32672,4,32672,2236,NULL,19835605,19835605,19835605,19835662,LIMIT,SELL,1,730,2021-05-26T07:45:03.580,2021-05-26T07:47:09.568,07:45:03.580,07:45:03,0,600,0,#N/A,946.302,-1,0,0,0,0,0,0,0,0
limpid-josh,M8@bmm,8045,1280,32672,4,32672,2236,NULL,19835606,19835597,19835606,19835597,CANCEL,BUY,2,705,2021-05-26T07:45:06.802,2021-05-26T07:45:06.808,07:45:06.802,07:45:06,0,600,0,#N/A,949.524,1,0,0,0,0,0,0,0,0
limpid-josh,M1@bmm,8038,1280,32672,4,32672,2236,NULL,19835607,19835607,19835607,NULL,LIMIT,SELL,1,740,2021-05-26T07:45:12.733,2021-05-26T07:45:12.735,07:45:12.733,07:45:12,0,600,0,#N/A,955.455,-1,0,0,0,0,0,0,0,0
limpid-josh,M7@bmm,8044,1280,32672,4,32672,2236,NULL,19835608,19835608,19835608,19835625,LIMIT,SELL,1,740,2021-05-26T07:45:12.964,2021-05-26T07:45:36.977,07:45:12.964,07:45:12,0,600,0,#N/A,955.686,-1,0,0,0,0,0,0,0,0
limpid-josh,M4@bmm,8041,1280,32672,4,32672,2236,NULL,19835609,19835609,19835609,NULL,LIMIT,BUY,1,705,2021-05-26T07:45:13.463,2021-05-26T07:45:13.466,07:45:13.463,07:45:13,0,600,0,#N/A,956.185,1,0,0,0,0,0,0,0,0
limpid-josh,M8@bmm,8045,1280,32672,4,32672,2236,NULL,19835610,19835604,19835610,19835604,CANCEL,BUY,2,715,2021-05-26T07:45:14.872,2021-05-26T07:45:14.879,07:45:14.872,07:45:14,0,600,0,#N/A,957.594,1,0,0,0,0,0,0,0,0
limpid-josh,M2@bmm,8039,1280,32672,4,32672,2236,NULL,19835611,19835611,19835611,19835599,LIMIT,BUY,1,730,2021-05-26T07:45:15.137,2021-05-26T07:45:15.142,07:45:15.137,07:45:15,1,600,730,130,957.859,1,0,1,0,0,0,0,0,0
limpid-josh,M4@bmm,8041,1280,32672,4,32672,2236,NULL,19835612,19835612,19835612,19835614,LIMIT,BUY,1,710,2021-05-26T07:45:16.489,2021-05-26T07:45:19.438,07:45:16.489,07:45:16,0,600,0,#N/A,959.211,1,0,0,0,0,0,0,0,0
limpid-josh,M8@bmm,8045,1280,32672,4,32672,2236,NULL,19835613,19835613,19835613,19835618,LIMIT,BUY,2,715,2021-05-26T07:45:17.484,2021-05-26T07:45:22.681,07:45:17.484,07:45:17,0,600,0,#N/A,960.206,1,0,0,0,0,0,0,0,0
limpid-josh,M4@bmm,8041,1280,32672,4,32672,2236,NULL,19835614,19835612,19835614,19835612,CANCEL,BUY,1,710,2021-05-26T07:45:19.431,2021-05-26T07:45:19.437,07:45:19.431,07:45:19,0,600,0,#N/A,962.153,1,0,0,0,0,0,0,0,0
limpid-josh,M1@bmm,8038,1280,32672,4,32672,2236,NULL,19835615,19835600,19835615,19835600,CANCEL,SELL,1,735,2021-05-26T07:45:19.526,2021-05-26T07:45:19.532,07:45:19.526,07:45:19,0,600,0,#N/A,962.248,-1,0,0,0,0,0,0,0,0
limpid-josh,M6@bmm,8043,1280,32672,4,32672,2236,NULL,19835616,19835616,19835616,19835627,LIMIT,BUY,1,720,2021-05-26T07:45:21.159,2021-05-26T07:45:41.257,07:45:21.159,07:45:21,0,600,0,#N/A,963.881,1,0,0,0,0,0,0,0,0
limpid-josh,M4@bmm,8041,1280,32672,4,32672,2236,NULL,19835617,19835617,19835617,NULL,LIMIT,BUY,1,705,2021-05-26T07:45:21.991,2021-05-26T07:45:21.993,07:45:21.991,07:45:21,0,600,0,#N/A,964.713,1,0,0,0,0,0,0,0,0
limpid-josh,M8@bmm,8045,1280,32672,4,32672,2236,NULL,19835618,19835613,19835618,19835613,CANCEL,BUY,2,715,2021-05-26T07:45:22.675,2021-05-26T07:45:22.681,07:45:22.675,07:45:22,0,600,0,#N/A,965.397,1,0,0,0,0,0,0,0,0
limpid-josh,M4@bmm,8041,1280,32672,4,32672,2236,NULL,19835619,19835619,19835619,NULL,LIMIT,BUY,1,710,2021-05-26T07:45:24.568,2021-05-26T07:45:24.570,07:45:24.568,07:45:24,0,600,0,#N/A,967.29,1,0,0,0,0,0,0,0,0
