account,email,owner,marketplace,session,period,market,target,order,original,supplier,consumer,type,side,units,price,createdDate,lastModifiedDate,16. just time,17. just second,,trade,fair value,trade price,mispricing,time mins,time secs,buy/sell
pert-josh,M3@bmm,4566,433,8097,1,814,NULL,2516846,2516846,2516846,NULL,LIMIT,SELL,2,800,2019-03-06T03:17:06.469,2019-03-06T03:17:06.472,,03:17:06.469,03:17:06.469,0,750,#N/A,#N/A,00:00:00,0,-1
pert-josh,M5@bmm,4568,433,8097,1,814,NULL,2516847,2516847,2516847,2516850,LIMIT,SELL,1,640,2019-03-06T03:17:10.775,2019-03-06T03:17:18.349,,03:17:10.775,03:17:10.775,0,750,#N/A,#N/A,00:00:04,4.306,-1
pert-josh,M1@bmm,4564,433,8097,1,814,NULL,2516850,2516849,2516849,2516847,LIMIT,BUY,1,640,2019-03-06T03:17:18.341,2019-03-06T03:17:18.349,,03:17:18.341,03:17:18.341,1,750,640,-110,00:00:12,11.872,1
pert-josh,M1@bmm,4564,433,8097,1,814,NULL,2516851,2516849,2516849,2516853,LIMIT,BUY,1,745,2019-03-06T03:17:18.335,2019-03-06T03:17:18.590,,03:17:18.335,03:17:18.335,0,750,#N/A,#N/A,00:00:12,11.866,1
pert-josh,M5@bmm,4568,433,8097,1,814,NULL,2516853,2516852,2516852,2516851,LIMIT,SELL,1,745,2019-03-06T03:17:18.585,2019-03-06T03:17:18.591,,03:17:18.585,03:17:18.585,1,750,745,-5,00:00:12,12.116,-1
pert-josh,M6@bmm,4569,433,8097,1,814,NULL,2516854,2516854,2516854,2516856,LIMIT,SELL,1,615,2019-03-06T03:17:20.142,2019-03-06T03:17:20.696,,03:17:20.142,03:17:20.142,0,750,#N/A,#N/A,00:00:14,13.673,-1
pert-josh,M1@bmm,4564,433,8097,1,814,NULL,2516856,2516855,2516855,2516854,LIMIT,BUY,1,615,2019-03-06T03:17:20.686,2019-03-06T03:17:20.696,,03:17:20.686,03:17:20.686,1,750,615,-135,00:00:14,14.217,1
pert-josh,M1@bmm,4564,433,8097,1,814,NULL,2516857,2516855,2516855,2516864,LIMIT,BUY,1,745,2019-03-06T03:17:20.678,2019-03-06T03:17:28.630,,03:17:20.678,03:17:20.678,0,750,#N/A,#N/A,00:00:14,14.209,1
pert-josh,M1@bmm,4564,433,8097,1,814,NULL,2516861,2516861,2516861,2516909,LIMIT,BUY,2,745,2019-03-06T03:17:21.821,2019-03-06T03:18:07.902,,03:17:21.821,03:17:21.821,0,750,#N/A,#N/A,00:00:15,15.352,1
pert-josh,M3@bmm,4566,433,8097,1,814,NULL,2516862,2516862,2516862,NULL,LIMIT,BUY,2,595,2019-03-06T03:17:23.103,2019-03-06T03:17:23.107,,03:17:23.103,03:17:23.103,0,750,#N/A,#N/A,00:00:17,16.634,1
pert-josh,M2@bmm,4565,433,8097,1,814,NULL,2516864,2516863,2516863,2516857,LIMIT,SELL,1,745,2019-03-06T03:17:28.625,2019-03-06T03:17:28.631,,03:17:28.625,03:17:28.625,1,750,745,-5,00:00:22,22.156,-1
pert-josh,M3@bmm,4566,433,8097,1,814,NULL,2516866,2516866,2516866,NULL,LIMIT,BUY,1,480,2019-03-06T03:17:32.970,2019-03-06T03:17:32.974,,03:17:32.970,03:17:32.970,0,750,#N/A,#N/A,00:00:27,26.501,1
pert-josh,M1@bmm,4564,433,8097,1,814,NULL,2516867,2516867,2516867,NULL,LIMIT,SELL,2,755,2019-03-06T03:17:32.996,2019-03-06T03:17:32.999,,03:17:32.996,03:17:32.996,0,750,#N/A,#N/A,00:00:27,26.527,-1
pert-josh,M1@bmm,4564,433,8097,1,814,NULL,2516868,2516868,2516868,NULL,LIMIT,SELL,2,755,2019-03-06T03:17:33.182,2019-03-06T03:17:33.186,,03:17:33.182,03:17:33.182,0,750,#N/A,#N/A,00:00:27,26.713,-1
pert-josh,M1@bmm,4564,433,8097,1,814,NULL,2516869,2516869,2516869,NULL,LIMIT,SELL,2,755,2019-03-06T03:17:33.357,2019-03-06T03:17:33.361,,03:17:33.357,03:17:33.357,0,750,#N/A,#N/A,00:00:27,26.888,-1
pert-josh,M1@bmm,4564,433,8097,1,814,NULL,2516870,2516870,2516870,NULL,LIMIT,SELL,2,755,2019-03-06T03:17:34.733,2019-03-06T03:17:34.737,,03:17:34.733,03:17:34.733,0,750,#N/A,#N/A,00:00:28,28.264,-1
pert-josh,M1@bmm,4564,433,8097,1,814,NULL,2516871,2516871,2516871,NULL,LIMIT,SELL,2,755,2019-03-06T03:17:34.958,2019-03-06T03:17:34.962,,03:17:34.958,03:17:34.958,0,750,#N/A,#N/A,00:00:28,28.489,-1
pert-josh,M5@bmm,4568,433,8097,1,814,NULL,2516873,2516872,2516872,2516874,LIMIT,SELL,1,745,2019-03-06T03:17:39.211,2019-03-06T03:17:39.225,,03:17:39.211,03:17:39.211,0,750,#N/A,#N/A,00:00:33,32.742,-1
pert-josh,M1@bmm,4564,433,8097,1,814,NULL,2516874,2516858,2516858,2516873,LIMIT,BUY,1,745,2019-03-06T03:17:39.215,2019-03-06T03:17:39.225,,03:17:39.215,03:17:39.215,1,750,745,-5,00:00:33,32.746,1
pert-josh,M1@bmm,4564,433,8097,1,814,NULL,2516875,2516858,2516858,2516877,LIMIT,BUY,1,745,2019-03-06T03:17:20.973,2019-03-06T03:17:40.910,,03:17:20.973,03:17:20.973,0,750,#N/A,#N/A,00:00:15,14.504,1
pert-josh,M4@bmm,4567,433,8097,1,814,NULL,2516877,2516876,2516876,2516875,LIMIT,SELL,1,745,2019-03-06T03:17:40.904,2019-03-06T03:17:40.910,,03:17:40.904,03:17:40.904,1,750,745,-5,00:00:34,34.435,-1
pert-josh,M8@bmm,4571,433,8097,1,814,NULL,2516878,2516878,2516878,NULL,LIMIT,SELL,2,790,2019-03-06T03:17:42.087,2019-03-06T03:17:42.092,,03:17:42.087,03:17:42.087,0,750,#N/A,#N/A,00:00:36,35.618,-1
pert-josh,M3@bmm,4566,433,8097,1,814,NULL,2516880,2516879,2516879,2516881,LIMIT,SELL,1,745,2019-03-06T03:17:42.300,2019-03-06T03:17:42.316,,03:17:42.300,03:17:42.300,0,750,#N/A,#N/A,00:00:36,35.831,-1
pert-josh,M1@bmm,4564,433,8097,1,814,NULL,2516881,2516859,2516859,2516880,LIMIT,BUY,1,745,2019-03-06T03:17:42.304,2019-03-06T03:17:42.317,,03:17:42.304,03:17:42.304,1,750,745,-5,00:00:36,35.835,1
pert-josh,M1@bmm,4564,433,8097,1,814,NULL,2516882,2516859,2516859,2516896,LIMIT,BUY,1,745,2019-03-06T03:17:21.254,2019-03-06T03:17:52.261,,03:17:21.254,03:17:21.254,0,750,#N/A,#N/A,00:00:15,14.785,1
pert-josh,M7@bmm,4570,433,8097,1,814,NULL,2516884,2516883,2516883,2516885,LIMIT,BUY,1,755,2019-03-06T03:17:43.390,2019-03-06T03:17:43.403,,03:17:43.390,03:17:43.390,0,750,#N/A,#N/A,00:00:37,36.921,1
pert-josh,M1@bmm,4564,433,8097,1,814,NULL,2516885,2516865,2516865,2516884,LIMIT,SELL,1,755,2019-03-06T03:17:43.394,2019-03-06T03:17:43.403,,03:17:43.394,03:17:43.394,1,750,755,5,00:00:37,36.925,-1
pert-josh,M1@bmm,4564,433,8097,1,814,NULL,2516886,2516865,2516865,NULL,LIMIT,SELL,1,755,2019-03-06T03:17:32.832,2019-03-06T03:17:43.403,,03:17:32.832,03:17:32.832,0,750,#N/A,#N/A,00:00:26,26.363,-1
pert-josh,M1@bmm,4564,433,8097,1,814,NULL,2516887,2516887,2516887,NULL,LIMIT,SELL,2,755,2019-03-06T03:17:48.190,2019-03-06T03:17:48.194,,03:17:48.190,03:17:48.190,0,750,#N/A,#N/A,00:00:42,41.721,-1
pert-josh,M6@bmm,4569,433,8097,1,814,NULL,2516888,2516888,2516888,NULL,LIMIT,BUY,1,615,2019-03-06T03:17:49.048,2019-03-06T03:17:49.052,,03:17:49.048,03:17:49.048,0,750,#N/A,#N/A,00:00:43,42.579,1
pert-josh,M2@bmm,4565,433,8097,1,814,NULL,2516896,2516895,2516895,2516882,LIMIT,SELL,1,745,2019-03-06T03:17:52.244,2019-03-06T03:17:52.261,,03:17:52.244,03:17:52.244,1,750,745,-5,00:00:46,45.775,-1
pert-josh,M2@bmm,4565,433,8097,1,814,NULL,2516897,2516895,2516895,2516898,LIMIT,SELL,1,745,2019-03-06T03:17:52.249,2019-03-06T03:17:52.261,,03:17:52.249,03:17:52.249,0,750,#N/A,#N/A,00:00:46,45.78,-1
pert-josh,M1@bmm,4564,433,8097,1,814,NULL,2516898,2516860,2516860,2516897,LIMIT,BUY,1,745,2019-03-06T03:17:52.252,2019-03-06T03:17:52.262,,03:17:52.252,03:17:52.252,1,750,745,-5,00:00:46,45.783,1
pert-josh,M1@bmm,4564,433,8097,1,814,NULL,2516899,2516860,2516860,2516901,LIMIT,BUY,1,745,2019-03-06T03:17:21.544,2019-03-06T03:17:52.557,,03:17:21.544,03:17:21.544,0,750,#N/A,#N/A,00:00:15,15.075,1
pert-josh,M4@bmm,4567,433,8097,1,814,NULL,2516901,2516900,2516900,2516899,LIMIT,SELL,1,745,2019-03-06T03:17:52.551,2019-03-06T03:17:52.557,,03:17:52.551,03:17:52.551,1,750,745,-5,00:00:46,46.082,-1
pert-josh,M3@bmm,4566,433,8097,1,814,NULL,2516904,2516904,2516904,NULL,LIMIT,BUY,2,610,2019-03-06T03:17:57.795,2019-03-06T03:17:57.799,,03:17:57.795,03:17:57.795,0,750,#N/A,#N/A,00:00:51,51.326,1
pert-josh,M1@bmm,4564,433,8097,1,814,NULL,2516905,2516905,2516905,2516914,LIMIT,BUY,2,740,2019-03-06T03:17:59.437,2019-03-06T03:18:10.234,,03:17:59.437,03:17:59.437,0,750,#N/A,#N/A,00:00:53,52.968,1
pert-josh,M6@bmm,4569,433,8097,1,814,NULL,2516906,2516906,2516906,NULL,LIMIT,BUY,1,630,2019-03-06T03:18:01.713,2019-03-06T03:18:01.717,,03:18:01.713,03:18:01.713,0,750,#N/A,#N/A,00:00:55,55.244,1
pert-josh,M3@bmm,4566,433,8097,1,814,NULL,2516909,2516908,2516908,2516861,LIMIT,SELL,2,745,2019-03-06T03:18:07.897,2019-03-06T03:18:07.902,,03:18:07.897,03:18:07.897,1,750,745,-5,00:01:01,61.428,-1
pert-josh,M3@bmm,4566,433,8097,1,814,NULL,2516914,2516913,2516913,2516905,LIMIT,SELL,2,740,2019-03-06T03:18:10.222,2019-03-06T03:18:10.235,,03:18:10.222,03:18:10.222,1,750,740,-10,00:01:04,63.753,-1
pert-josh,M5@bmm,4568,433,8097,1,814,NULL,2516918,2516918,2516918,2516923,LIMIT,SELL,1,640,2019-03-06T03:18:16.889,2019-03-06T03:18:19.229,,03:18:16.889,03:18:16.889,0,750,#N/A,#N/A,00:01:10,70.42,-1
pert-josh,M3@bmm,4566,433,8097,1,814,NULL,2516923,2516922,2516922,2516918,LIMIT,BUY,1,640,2019-03-06T03:18:19.220,2019-03-06T03:18:19.229,,03:18:19.220,03:18:19.220,1,750,640,-110,00:01:13,72.751,1
pert-josh,M3@bmm,4566,433,8097,1,814,NULL,2516924,2516922,2516922,2516926,LIMIT,BUY,1,640,2019-03-06T03:18:19.207,2019-03-06T03:18:23.595,,03:18:19.207,03:18:19.207,0,750,#N/A,#N/A,00:01:13,72.738,1
pert-josh,M2@bmm,4565,433,8097,1,814,NULL,2516925,2516925,2516925,NULL,LIMIT,SELL,2,745,2019-03-06T03:18:22.253,2019-03-06T03:18:22.265,,03:18:22.253,03:18:22.253,0,750,#N/A,#N/A,00:01:16,75.784,-1
pert-josh,M5@bmm,4568,433,8097,1,814,NULL,2516926,2516926,2516926,2516924,LIMIT,SELL,1,640,2019-03-06T03:18:23.586,2019-03-06T03:18:23.595,,03:18:23.586,03:18:23.586,1,750,640,-110,00:01:17,77.117,-1
pert-josh,M7@bmm,4570,433,8097,1,814,NULL,2516929,2516929,2516929,2516967,LIMIT,BUY,1,640,2019-03-06T03:18:32.391,2019-03-06T03:19:57.883,,03:18:32.391,03:18:32.391,0,750,#N/A,#N/A,00:01:26,85.922,1
pert-josh,M3@bmm,4566,433,8097,1,814,NULL,2516930,2516930,2516930,NULL,LIMIT,SELL,2,700,2019-03-06T03:18:34.448,2019-03-06T03:18:34.452,,03:18:34.448,03:18:34.448,0,750,#N/A,#N/A,00:01:28,87.979,-1
pert-josh,M5@bmm,4568,433,8097,1,814,NULL,2516935,2516935,2516935,2516937,LIMIT,BUY,1,650,2019-03-06T03:18:38.890,2019-03-06T03:18:42.350,,03:18:38.890,03:18:38.890,0,750,#N/A,#N/A,00:01:32,92.421,1
pert-josh,M8@bmm,4571,433,8097,1,814,NULL,2516937,2516937,2516937,2516935,LIMIT,SELL,1,650,2019-03-06T03:18:42.338,2019-03-06T03:18:42.350,,03:18:42.338,03:18:42.338,1,750,650,-100,00:01:36,95.869,-1
pert-josh,M5@bmm,4568,433,8097,1,814,NULL,2516949,2516949,2516949,2516951,LIMIT,SELL,1,655,2019-03-06T03:19:16.587,2019-03-06T03:19:19.335,,03:19:16.587,03:19:16.587,0,750,#N/A,#N/A,00:02:10,130.118,-1
pert-josh,M7@bmm,4570,433,8097,1,814,NULL,2516951,2516950,2516950,2516949,LIMIT,BUY,1,655,2019-03-06T03:19:19.331,2019-03-06T03:19:19.336,,03:19:19.331,03:19:19.331,1,750,655,-95,00:02:13,132.862,1
pert-josh,M4@bmm,4567,433,8097,1,814,NULL,2516953,2516953,2516953,2516954,LIMIT,BUY,1,655,2019-03-06T03:19:26.191,2019-03-06T03:19:28.026,,03:19:26.191,03:19:26.191,0,750,#N/A,#N/A,00:02:20,139.722,1
pert-josh,M5@bmm,4568,433,8097,1,814,NULL,2516954,2516954,2516954,2516953,LIMIT,SELL,1,655,2019-03-06T03:19:28.018,2019-03-06T03:19:28.025,,03:19:28.018,03:19:28.018,1,750,655,-95,00:02:22,141.549,-1
pert-josh,M5@bmm,4568,433,8097,1,814,NULL,2516957,2516957,2516957,2516968,LIMIT,BUY,1,640,2019-03-06T03:19:38.403,2019-03-06T03:20:00.821,,03:19:38.403,03:19:38.403,0,750,#N/A,#N/A,00:02:32,151.934,1
pert-josh,M2@bmm,4565,433,8097,1,814,NULL,2516965,2516965,2516965,NULL,LIMIT,SELL,1,650,2019-03-06T03:19:47.172,2019-03-06T03:19:47.176,,03:19:47.172,03:19:47.172,0,750,#N/A,#N/A,00:02:41,160.703,-1
pert-josh,M8@bmm,4571,433,8097,1,814,NULL,2516966,2516966,2516966,NULL,LIMIT,SELL,2,660,2019-03-06T03:19:51.939,2019-03-06T03:19:51.943,,03:19:51.939,03:19:51.939,0,750,#N/A,#N/A,00:02:45,165.47,-1
pert-josh,M3@bmm,4566,433,8097,1,814,NULL,2516967,2516967,2516967,2516929,LIMIT,SELL,1,640,2019-03-06T03:19:57.874,2019-03-06T03:19:57.883,,03:19:57.874,03:19:57.874,1,750,640,-110,00:02:51,171.405,-1
pert-josh,M3@bmm,4566,433,8097,1,814,NULL,2516968,2516968,2516968,2516957,LIMIT,SELL,1,640,2019-03-06T03:20:00.812,2019-03-06T03:20:00.821,,03:20:00.812,03:20:00.812,1,750,640,-110,00:02:54,174.343,-1
pert-josh,M7@bmm,4570,433,8097,1,814,NULL,2516969,2516969,2516969,2516977,LIMIT,SELL,1,640,2019-03-06T03:20:03.558,2019-03-06T03:20:18.414,,03:20:03.558,03:20:03.558,0,750,#N/A,#N/A,00:02:57,177.089,-1
pert-josh,M5@bmm,4568,433,8097,1,814,NULL,2516971,2516971,2516971,NULL,LIMIT,SELL,1,640,2019-03-06T03:20:07.124,2019-03-06T03:20:07.127,,03:20:07.124,03:20:07.124,0,750,#N/A,#N/A,00:03:01,180.655,-1
pert-josh,M5@bmm,4568,433,8097,1,814,NULL,2516974,2516974,2516974,2516976,LIMIT,SELL,1,635,2019-03-06T03:20:12.449,2019-03-06T03:20:18.414,,03:20:12.449,03:20:12.449,0,750,#N/A,#N/A,00:03:06,185.98,-1
pert-josh,M3@bmm,4566,433,8097,1,814,NULL,2516976,2516975,2516975,2516974,LIMIT,BUY,1,635,2019-03-06T03:20:18.403,2019-03-06T03:20:18.414,,03:20:18.403,03:20:18.403,1,750,635,-115,00:03:12,191.934,1
pert-josh,M3@bmm,4566,433,8097,1,814,NULL,2516977,2516975,2516975,2516969,LIMIT,BUY,1,640,2019-03-06T03:20:18.408,2019-03-06T03:20:18.414,,03:20:18.408,03:20:18.408,1,750,640,-110,00:03:12,191.939,1
pert-josh,M6@bmm,4569,433,8097,1,814,NULL,2516978,2516978,2516978,2516982,LIMIT,SELL,1,635,2019-03-06T03:20:19.047,2019-03-06T03:20:35.025,,03:20:19.047,03:20:19.047,0,750,#N/A,#N/A,00:03:13,192.578,-1
pert-josh,M3@bmm,4566,433,8097,1,814,NULL,2516982,2516981,2516981,2516978,LIMIT,BUY,1,635,2019-03-06T03:20:35.017,2019-03-06T03:20:35.025,,03:20:35.017,03:20:35.017,1,750,635,-115,00:03:29,208.548,1
pert-josh,M5@bmm,4568,433,8097,1,814,NULL,2516984,2516984,2516984,NULL,LIMIT,BUY,1,610,2019-03-06T03:20:35.233,2019-03-06T03:20:35.237,,03:20:35.233,03:20:35.233,0,750,#N/A,#N/A,00:03:29,208.764,1
pert-josh,M7@bmm,4570,433,8097,1,814,NULL,2516985,2516985,2516985,NULL,LIMIT,BUY,1,525,2019-03-06T03:20:35.923,2019-03-06T03:20:35.928,,03:20:35.923,03:20:35.923,0,750,#N/A,#N/A,00:03:29,209.454,1
pert-josh,M3@bmm,4566,433,8097,1,814,NULL,2516988,2516988,2516988,NULL,LIMIT,SELL,1,650,2019-03-06T03:20:42.331,2019-03-06T03:20:42.335,,03:20:42.331,03:20:42.331,0,750,#N/A,#N/A,00:03:36,215.862,-1
pert-josh,M4@bmm,4567,433,8097,1,814,NULL,2516990,2516990,2516990,2516991,LIMIT,SELL,1,635,2019-03-06T03:20:55.735,2019-03-06T03:20:55.750,,03:20:55.735,03:20:55.735,0,750,#N/A,#N/A,00:03:49,229.266,-1
pert-josh,M8@bmm,4571,433,8097,1,814,NULL,2516991,2516987,2516987,2516990,LIMIT,BUY,1,635,2019-03-06T03:20:55.742,2019-03-06T03:20:55.750,,03:20:55.742,03:20:55.742,1,750,635,-115,00:03:49,229.273,1
pert-josh,M8@bmm,4571,433,8097,1,814,NULL,2516992,2516987,2516987,2516999,LIMIT,BUY,1,635,2019-03-06T03:20:38.867,2019-03-06T03:21:07.565,,03:20:38.867,03:20:38.867,0,750,#N/A,#N/A,00:03:32,212.398,1
pert-josh,M6@bmm,4569,433,8097,1,814,NULL,2516993,2516993,2516993,NULL,LIMIT,SELL,1,645,2019-03-06T03:20:56.256,2019-03-06T03:20:56.260,,03:20:56.256,03:20:56.256,0,750,#N/A,#N/A,00:03:50,229.787,-1
pert-josh,M3@bmm,4566,433,8097,1,814,NULL,2516997,2516997,2516997,NULL,LIMIT,SELL,2,650,2019-03-06T03:21:05.203,2019-03-06T03:21:05.207,,03:21:05.203,03:21:05.203,0,750,#N/A,#N/A,00:03:59,238.734,-1
pert-josh,M5@bmm,4568,433,8097,1,814,NULL,2516999,2516999,2516999,2516992,LIMIT,SELL,1,635,2019-03-06T03:21:07.557,2019-03-06T03:21:07.565,,03:21:07.557,03:21:07.557,1,750,635,-115,00:04:01,241.088,-1
pert-josh,M2@bmm,4565,433,8097,1,814,NULL,2517001,2517001,2517001,NULL,LIMIT,SELL,1,655,2019-03-06T03:21:12.212,2019-03-06T03:21:12.216,,03:21:12.212,03:21:12.212,0,750,#N/A,#N/A,00:04:06,245.743,-1
pert-josh,M3@bmm,4566,433,8097,1,814,NULL,2517003,2517003,2517003,NULL,LIMIT,BUY,1,630,2019-03-06T03:21:20.564,2019-03-06T03:21:20.568,,03:21:20.564,03:21:20.564,0,750,#N/A,#N/A,00:04:14,254.095,1
pert-josh,M8@bmm,4571,433,8097,1,814,NULL,2517005,2517005,2517005,NULL,LIMIT,SELL,2,640,2019-03-06T03:21:22.101,2019-03-06T03:21:22.104,,03:21:22.101,03:21:22.101,0,750,#N/A,#N/A,00:04:16,255.632,-1
pert-josh,M2@bmm,4565,433,8097,1,814,NULL,2517006,2517006,2517006,NULL,LIMIT,BUY,1,435,2019-03-06T03:21:26.440,2019-03-06T03:21:26.444,,03:21:26.440,03:21:26.440,0,750,#N/A,#N/A,00:04:20,259.971,1
pert-josh,M5@bmm,4568,433,8097,1,814,NULL,2517009,2517009,2517009,NULL,LIMIT,SELL,1,635,2019-03-06T03:21:34.861,2019-03-06T03:21:34.865,,03:21:34.861,03:21:34.861,0,750,#N/A,#N/A,00:04:28,268.392,-1
pert-josh,M3@bmm,4566,433,8097,1,814,NULL,2517011,2517011,2517011,NULL,LIMIT,SELL,2,685,2019-03-06T03:21:37.779,2019-03-06T03:21:37.783,,03:21:37.779,03:21:37.779,0,750,#N/A,#N/A,00:04:31,271.31,-1
pert-josh,M3@bmm,4566,433,8098,2,814,NULL,2517012,2517012,2517012,NULL,LIMIT,SELL,2,750,2019-03-06T03:22:32.736,2019-03-06T03:22:32.740,,03:22:32.736,03:22:32.736,0,700,#N/A,#N/A,00:05:26,326.267,-1
pert-josh,M6@bmm,4569,433,8098,2,814,NULL,2517016,2517016,2517016,2517019,LIMIT,SELL,1,595,2019-03-06T03:22:37.957,2019-03-06T03:22:42.828,,03:22:37.957,03:22:37.957,0,700,#N/A,#N/A,00:05:31,331.488,-1
pert-josh,M5@bmm,4568,433,8098,2,814,NULL,2517017,2517017,2517017,2517035,LIMIT,SELL,1,610,2019-03-06T03:22:42.238,2019-03-06T03:23:01.079,,03:22:42.238,03:22:42.238,0,700,#N/A,#N/A,00:05:36,335.769,-1
pert-josh,M3@bmm,4566,433,8098,2,814,NULL,2517019,2517018,2517018,2517016,LIMIT,BUY,1,595,2019-03-06T03:22:42.817,2019-03-06T03:22:42.828,,03:22:42.817,03:22:42.817,1,700,595,-105,00:05:36,336.348,1
pert-josh,M8@bmm,4571,433,8098,2,814,NULL,2517021,2517021,2517021,2517156,LIMIT,BUY,1,575,2019-03-06T03:22:45.167,2019-03-06T03:26:26.070,,03:22:45.167,03:22:45.167,0,700,#N/A,#N/A,00:05:39,338.698,1
pert-josh,M7@bmm,4570,433,8098,2,814,NULL,2517022,2517022,2517022,NULL,LIMIT,SELL,1,800,2019-03-06T03:22:45.630,2019-03-06T03:22:45.634,,03:22:45.630,03:22:45.630,0,700,#N/A,#N/A,00:05:39,339.161,-1
pert-josh,M6@bmm,4569,433,8098,2,814,NULL,2517024,2517024,2517024,2517026,LIMIT,BUY,1,600,2019-03-06T03:22:50.316,2019-03-06T03:22:51.481,,03:22:50.316,03:22:50.316,0,700,#N/A,#N/A,00:05:44,343.847,1
pert-josh,M3@bmm,4566,433,8098,2,814,NULL,2517026,2517025,2517025,2517024,LIMIT,SELL,1,600,2019-03-06T03:22:51.476,2019-03-06T03:22:51.481,,03:22:51.476,03:22:51.476,1,700,600,-100,00:05:45,345.007,-1
pert-josh,M2@bmm,4565,433,8098,2,814,NULL,2517028,2517028,2517028,NULL,LIMIT,SELL,1,715,2019-03-06T03:22:53.734,2019-03-06T03:22:53.738,,03:22:53.734,03:22:53.734,0,700,#N/A,#N/A,00:05:47,347.265,-1
pert-josh,M1@bmm,4564,433,8098,2,814,NULL,2517035,2517034,2517034,2517017,LIMIT,BUY,1,610,2019-03-06T03:23:01.074,2019-03-06T03:23:01.079,,03:23:01.074,03:23:01.074,1,700,610,-90,00:05:55,354.605,1
pert-josh,M2@bmm,4565,433,8098,2,814,NULL,2517036,2517036,2517036,2517158,LIMIT,BUY,1,500,2019-03-06T03:23:01.697,2019-03-06T03:26:27.274,,03:23:01.697,03:23:01.697,0,700,#N/A,#N/A,00:05:55,355.228,1
pert-josh,M6@bmm,4569,433,8098,2,814,NULL,2517037,2517037,2517037,2517038,LIMIT,BUY,1,600,2019-03-06T03:23:06.403,2019-03-06T03:23:06.501,,03:23:06.403,03:23:06.403,0,700,#N/A,#N/A,00:06:00,359.934,1
pert-josh,M5@bmm,4568,433,8098,2,814,NULL,2517038,2517038,2517038,2517037,LIMIT,SELL,1,600,2019-03-06T03:23:06.493,2019-03-06T03:23:06.501,,03:23:06.493,03:23:06.493,1,700,600,-100,00:06:00,360.024,-1
pert-josh,M6@bmm,4569,433,8098,2,814,NULL,2517041,2517041,2517041,2517111,LIMIT,BUY,1,600,2019-03-06T03:23:10.905,2019-03-06T03:25:38.452,,03:23:10.905,03:23:10.905,0,700,#N/A,#N/A,00:06:04,364.436,1
pert-josh,M2@bmm,4565,433,8098,2,814,NULL,2517042,2517042,2517042,2517046,LIMIT,SELL,1,710,2019-03-06T03:23:11.374,2019-03-06T03:23:15.232,,03:23:11.374,03:23:11.374,0,700,#N/A,#N/A,00:06:05,364.905,-1
pert-josh,M7@bmm,4570,433,8098,2,814,NULL,2517046,2517045,2517045,2517042,LIMIT,BUY,1,710,2019-03-06T03:23:15.222,2019-03-06T03:23:15.233,,03:23:15.222,03:23:15.222,1,700,710,10,00:06:09,368.753,1
pert-josh,M6@bmm,4569,433,8098,2,814,NULL,2517047,2517047,2517047,2517064,LIMIT,BUY,1,620,2019-03-06T03:23:17.876,2019-03-06T03:23:48.428,,03:23:17.876,03:23:17.876,0,700,#N/A,#N/A,00:06:11,371.407,1
pert-josh,M3@bmm,4566,433,8098,2,814,NULL,2517048,2517048,2517048,2517105,LIMIT,BUY,1,610,2019-03-06T03:23:18.307,2019-03-06T03:25:31.946,,03:23:18.307,03:23:18.307,0,700,#N/A,#N/A,00:06:12,371.838,1
pert-josh,M4@bmm,4567,433,8098,2,814,NULL,2517049,2517049,2517049,2517050,LIMIT,BUY,1,700,2019-03-06T03:23:19.002,2019-03-06T03:23:21.101,,03:23:19.002,03:23:19.002,0,700,#N/A,#N/A,00:06:13,372.533,1
pert-josh,M5@bmm,4568,433,8098,2,814,NULL,2517050,2517050,2517050,2517049,LIMIT,SELL,1,700,2019-03-06T03:23:21.094,2019-03-06T03:23:21.101,,03:23:21.094,03:23:21.094,1,700,700,0,00:06:15,374.625,-1
pert-josh,M1@bmm,4564,433,8098,2,814,NULL,2517052,2517052,2517052,2517054,LIMIT,BUY,1,675,2019-03-06T03:23:24.958,2019-03-06T03:23:27.131,,03:23:24.958,03:23:24.958,0,700,#N/A,#N/A,00:06:18,378.489,1
pert-josh,M3@bmm,4566,433,8098,2,814,NULL,2517054,2517053,2517053,2517052,LIMIT,SELL,1,675,2019-03-06T03:23:27.122,2019-03-06T03:23:27.131,,03:23:27.122,03:23:27.122,1,700,675,-25,00:06:21,380.653,-1
pert-josh,M3@bmm,4566,433,8098,2,814,NULL,2517055,2517053,2517053,2517088,LIMIT,SELL,1,630,2019-03-06T03:23:27.115,2019-03-06T03:24:48.148,,03:23:27.115,03:23:27.115,0,700,#N/A,#N/A,00:06:21,380.646,-1
pert-josh,M5@bmm,4568,433,8098,2,814,NULL,2517060,2517060,2517060,2517108,LIMIT,BUY,1,610,2019-03-06T03:23:40.437,2019-03-06T03:25:36.443,,03:23:40.437,03:23:40.437,0,700,#N/A,#N/A,00:06:34,393.968,1
pert-josh,M1@bmm,4564,433,8098,2,814,NULL,2517063,2517063,2517063,NULL,LIMIT,SELL,5,710,2019-03-06T03:23:47.747,2019-03-06T03:23:47.751,,03:23:47.747,03:23:47.747,0,700,#N/A,#N/A,00:06:41,401.278,-1
pert-josh,M3@bmm,4566,433,8098,2,814,NULL,2517064,2517064,2517064,2517047,LIMIT,SELL,1,620,2019-03-06T03:23:48.420,2019-03-06T03:23:48.428,,03:23:48.420,03:23:48.420,1,700,620,-80,00:06:42,401.951,-1
pert-josh,M1@bmm,4564,433,8098,2,814,NULL,2517066,2517066,2517066,NULL,LIMIT,SELL,5,710,2019-03-06T03:23:52.285,2019-03-06T03:23:52.288,,03:23:52.285,03:23:52.285,0,700,#N/A,#N/A,00:06:46,405.816,-1
pert-josh,M5@bmm,4568,433,8098,2,814,NULL,2517068,2517068,2517068,2517072,LIMIT,SELL,1,620,2019-03-06T03:23:55.101,2019-03-06T03:24:03.030,,03:23:55.101,03:23:55.101,0,700,#N/A,#N/A,00:06:49,408.632,-1
pert-josh,M8@bmm,4571,433,8098,2,814,NULL,2517072,2517072,2517072,2517068,LIMIT,BUY,1,620,2019-03-06T03:24:03.019,2019-03-06T03:24:03.029,,03:24:03.019,03:24:03.019,1,700,620,-80,00:06:57,416.55,1
pert-josh,M5@bmm,4568,433,8098,2,814,NULL,2517079,2517079,2517079,2517082,LIMIT,BUY,1,615,2019-03-06T03:24:18.021,2019-03-06T03:24:22.300,,03:24:18.021,03:24:18.021,0,700,#N/A,#N/A,00:07:12,431.552,1
pert-josh,M6@bmm,4569,433,8098,2,814,NULL,2517081,2517081,2517081,2517139,LIMIT,BUY,1,590,2019-03-06T03:24:22.109,2019-03-06T03:26:07.220,,03:24:22.109,03:24:22.109,0,700,#N/A,#N/A,00:07:16,435.64,1
pert-josh,M3@bmm,4566,433,8098,2,814,NULL,2517082,2517082,2517082,2517079,LIMIT,SELL,1,615,2019-03-06T03:24:22.290,2019-03-06T03:24:22.300,,03:24:22.290,03:24:22.290,1,700,615,-85,00:07:16,435.821,-1
pert-josh,M4@bmm,4567,433,8098,2,814,NULL,2517088,2517088,2517088,2517055,LIMIT,BUY,1,630,2019-03-06T03:24:48.138,2019-03-06T03:24:48.147,,03:24:48.138,03:24:48.138,1,700,630,-70,00:07:42,461.669,1
pert-josh,M3@bmm,4566,433,8098,2,814,NULL,2517093,2517093,2517093,NULL,LIMIT,SELL,1,635,2019-03-06T03:24:55.549,2019-03-06T03:24:55.553,,03:24:55.549,03:24:55.549,0,700,#N/A,#N/A,00:07:49,469.08,-1
pert-josh,M2@bmm,4565,433,8098,2,814,NULL,2517096,2517096,2517096,2517114,LIMIT,SELL,1,625,2019-03-06T03:25:05.641,2019-03-06T03:25:39.546,,03:25:05.641,03:25:05.641,0,700,#N/A,#N/A,00:07:59,479.172,-1
pert-josh,M3@bmm,4566,433,8098,2,814,NULL,2517098,2517098,2517098,2517103,LIMIT,BUY,1,615,2019-03-06T03:25:16.637,2019-03-06T03:25:23.902,,03:25:16.637,03:25:16.637,0,700,#N/A,#N/A,00:08:10,490.168,1
pert-josh,M6@bmm,4569,433,8098,2,814,NULL,2517099,2517099,2517099,2517113,LIMIT,SELL,1,620,2019-03-06T03:25:19.573,2019-03-06T03:25:39.545,,03:25:19.573,03:25:19.573,0,700,#N/A,#N/A,00:08:13,493.104,-1
pert-josh,M7@bmm,4570,433,8098,2,814,NULL,2517103,2517102,2517102,2517098,LIMIT,SELL,1,615,2019-03-06T03:25:23.896,2019-03-06T03:25:23.902,,03:25:23.896,03:25:23.896,1,700,615,-85,00:08:17,497.427,-1
pert-josh,M7@bmm,4570,433,8098,2,814,NULL,2517105,2517104,2517104,2517048,LIMIT,SELL,1,610,2019-03-06T03:25:31.934,2019-03-06T03:25:31.946,,03:25:31.934,03:25:31.934,1,700,610,-90,00:08:25,505.465,-1
pert-josh,M5@bmm,4568,433,8098,2,814,NULL,2517106,2517106,2517106,2517109,LIMIT,SELL,1,615,2019-03-06T03:25:34.613,2019-03-06T03:25:36.491,,03:25:34.613,03:25:34.613,0,700,#N/A,#N/A,00:08:28,508.144,-1
pert-josh,M7@bmm,4570,433,8098,2,814,NULL,2517108,2517107,2517107,2517060,LIMIT,SELL,1,610,2019-03-06T03:25:36.438,2019-03-06T03:25:36.443,,03:25:36.438,03:25:36.438,1,700,610,-90,00:08:30,509.969,-1
pert-josh,M4@bmm,4567,433,8098,2,814,NULL,2517109,2517109,2517109,2517106,LIMIT,BUY,1,615,2019-03-06T03:25:36.484,2019-03-06T03:25:36.491,,03:25:36.484,03:25:36.484,1,700,615,-85,00:08:30,510.015,1
pert-josh,M7@bmm,4570,433,8098,2,814,NULL,2517111,2517110,2517110,2517041,LIMIT,SELL,1,600,2019-03-06T03:25:38.447,2019-03-06T03:25:38.452,,03:25:38.447,03:25:38.447,1,700,600,-100,00:08:32,511.978,-1
pert-josh,M3@bmm,4566,433,8098,2,814,NULL,2517113,2517112,2517112,2517099,LIMIT,BUY,1,620,2019-03-06T03:25:39.533,2019-03-06T03:25:39.546,,03:25:39.533,03:25:39.533,1,700,620,-80,00:08:33,513.064,1
pert-josh,M3@bmm,4566,433,8098,2,814,NULL,2517114,2517112,2517112,2517096,LIMIT,BUY,1,625,2019-03-06T03:25:39.540,2019-03-06T03:25:39.546,,03:25:39.540,03:25:39.540,1,700,625,-75,00:08:33,513.071,1
pert-josh,M6@bmm,4569,433,8098,2,814,NULL,2517122,2517122,2517122,2517140,LIMIT,BUY,1,585,2019-03-06T03:25:42.590,2019-03-06T03:26:08.039,,03:25:42.590,03:25:42.590,0,700,#N/A,#N/A,00:08:36,516.121,1
pert-josh,M7@bmm,4570,433,8098,2,814,NULL,2517123,2517123,2517123,2517125,LIMIT,SELL,1,595,2019-03-06T03:25:43.133,2019-03-06T03:25:45.996,,03:25:43.133,03:25:43.133,0,700,#N/A,#N/A,00:08:37,516.664,-1
pert-josh,M5@bmm,4568,433,8098,2,814,NULL,2517125,2517124,2517124,2517123,LIMIT,BUY,1,595,2019-03-06T03:25:45.989,2019-03-06T03:25:45.996,,03:25:45.989,03:25:45.989,1,700,595,-105,00:08:40,519.52,1
pert-josh,M5@bmm,4568,433,8098,2,814,NULL,2517126,2517126,2517126,2517128,LIMIT,BUY,1,600,2019-03-06T03:25:47.773,2019-03-06T03:25:51.393,,03:25:47.773,03:25:47.773,0,700,#N/A,#N/A,00:08:41,521.304,1
pert-josh,M7@bmm,4570,433,8098,2,814,NULL,2517128,2517127,2517127,2517126,LIMIT,SELL,1,600,2019-03-06T03:25:51.383,2019-03-06T03:25:51.393,,03:25:51.383,03:25:51.383,1,700,600,-100,00:08:45,524.914,-1
pert-josh,M7@bmm,4570,433,8098,2,814,NULL,2517131,2517130,2517130,2517132,LIMIT,SELL,1,605,2019-03-06T03:25:53.087,2019-03-06T03:25:53.100,,03:25:53.087,03:25:53.087,0,700,#N/A,#N/A,00:08:47,526.618,-1
pert-josh,M8@bmm,4571,433,8098,2,814,NULL,2517132,2517129,2517129,2517131,LIMIT,BUY,1,605,2019-03-06T03:25:53.090,2019-03-06T03:25:53.100,,03:25:53.090,03:25:53.090,1,700,605,-95,00:08:47,526.621,1
pert-josh,M8@bmm,4571,433,8098,2,814,NULL,2517133,2517129,2517129,2517135,LIMIT,BUY,1,605,2019-03-06T03:25:52.514,2019-03-06T03:25:54.339,,03:25:52.514,03:25:52.514,0,700,#N/A,#N/A,00:08:46,526.045,1
pert-josh,M7@bmm,4570,433,8098,2,814,NULL,2517135,2517134,2517134,2517133,LIMIT,SELL,1,605,2019-03-06T03:25:54.334,2019-03-06T03:25:54.339,,03:25:54.334,03:25:54.334,1,700,605,-95,00:08:48,527.865,-1
pert-josh,M7@bmm,4570,433,8098,2,814,NULL,2517136,2517136,2517136,2517148,LIMIT,SELL,1,595,2019-03-06T03:25:55.599,2019-03-06T03:26:20.446,,03:25:55.599,03:25:55.599,0,700,#N/A,#N/A,00:08:49,529.13,-1
pert-josh,M3@bmm,4566,433,8098,2,814,NULL,2517138,2517138,2517138,NULL,LIMIT,SELL,2,620,2019-03-06T03:26:04.717,2019-03-06T03:26:04.721,,03:26:04.717,03:26:04.717,0,700,#N/A,#N/A,00:08:58,538.248,-1
pert-josh,M5@bmm,4568,433,8098,2,814,NULL,2517139,2517139,2517139,2517081,LIMIT,SELL,1,590,2019-03-06T03:26:07.208,2019-03-06T03:26:07.220,,03:26:07.208,03:26:07.208,1,700,590,-110,00:09:01,540.739,-1
pert-josh,M7@bmm,4570,433,8098,2,814,NULL,2517140,2517140,2517140,2517122,LIMIT,SELL,1,585,2019-03-06T03:26:08.030,2019-03-06T03:26:08.039,,03:26:08.030,03:26:08.030,1,700,585,-115,00:09:02,541.561,-1
pert-josh,M8@bmm,4571,433,8098,2,814,NULL,2517141,2517141,2517141,NULL,LIMIT,SELL,1,600,2019-03-06T03:26:09.236,2019-03-06T03:26:09.240,,03:26:09.236,03:26:09.236,0,700,#N/A,#N/A,00:09:03,542.767,-1
pert-josh,M7@bmm,4570,433,8098,2,814,NULL,2517142,2517142,2517142,2517144,LIMIT,SELL,1,585,2019-03-06T03:26:09.671,2019-03-06T03:26:13.560,,03:26:09.671,03:26:09.671,0,700,#N/A,#N/A,00:09:03,543.202,-1
pert-josh,M3@bmm,4566,433,8098,2,814,NULL,2517144,2517144,2517144,2517142,LIMIT,BUY,1,585,2019-03-06T03:26:13.549,2019-03-06T03:26:13.560,,03:26:13.549,03:26:13.549,1,700,585,-115,00:09:07,547.08,1
pert-josh,M3@bmm,4566,433,8098,2,814,NULL,2517145,2517145,2517145,2517146,LIMIT,BUY,1,590,2019-03-06T03:26:17.145,2019-03-06T03:26:18.828,,03:26:17.145,03:26:17.145,0,700,#N/A,#N/A,00:09:11,550.676,1
pert-josh,M2@bmm,4565,433,8098,2,814,NULL,2517146,2517146,2517146,2517145,LIMIT,SELL,1,590,2019-03-06T03:26:18.815,2019-03-06T03:26:18.828,,03:26:18.815,03:26:18.815,1,700,590,-110,00:09:12,552.346,-1
pert-josh,M3@bmm,4566,433,8098,2,814,NULL,2517148,2517148,2517148,2517136,LIMIT,BUY,1,595,2019-03-06T03:26:20.436,2019-03-06T03:26:20.445,,03:26:20.436,03:26:20.436,1,700,595,-105,00:09:14,553.967,1
pert-josh,M4@bmm,4567,433,8098,2,814,NULL,2517151,2517151,2517151,2517153,LIMIT,BUY,1,590,2019-03-06T03:26:23.480,2019-03-06T03:26:23.914,,03:26:23.480,03:26:23.480,0,700,#N/A,#N/A,00:09:17,557.011,1
pert-josh,M5@bmm,4568,433,8098,2,814,NULL,2517153,2517152,2517152,2517151,LIMIT,SELL,1,590,2019-03-06T03:26:23.909,2019-03-06T03:26:23.914,,03:26:23.909,03:26:23.909,1,700,590,-110,00:09:17,557.44,-1
pert-josh,M3@bmm,4566,433,8098,2,814,NULL,2517154,2517154,2517154,2517175,LIMIT,SELL,1,595,2019-03-06T03:26:25.372,2019-03-06T03:26:52.185,,03:26:25.372,03:26:25.372,0,700,#N/A,#N/A,00:09:19,558.903,-1
pert-josh,M7@bmm,4570,433,8098,2,814,NULL,2517156,2517155,2517155,2517021,LIMIT,SELL,1,575,2019-03-06T03:26:26.066,2019-03-06T03:26:26.070,,03:26:26.066,03:26:26.066,1,700,575,-125,00:09:20,559.597,-1
pert-josh,M7@bmm,4570,433,8098,2,814,NULL,2517158,2517157,2517157,2517036,LIMIT,SELL,1,500,2019-03-06T03:26:27.270,2019-03-06T03:26:27.275,,03:26:27.270,03:26:27.270,1,700,500,-200,00:09:21,560.801,-1
pert-josh,M7@bmm,4570,433,8098,2,814,NULL,2517163,2517163,2517163,2517165,LIMIT,SELL,1,380,2019-03-06T03:26:37.759,2019-03-06T03:26:38.222,,03:26:37.759,03:26:37.759,0,700,#N/A,#N/A,00:09:31,571.29,-1
pert-josh,M4@bmm,4567,433,8098,2,814,NULL,2517165,2517164,2517164,2517163,LIMIT,BUY,1,380,2019-03-06T03:26:38.217,2019-03-06T03:26:38.222,,03:26:38.217,03:26:38.217,1,700,380,-320,00:09:32,571.748,1
pert-josh,M7@bmm,4570,433,8098,2,814,NULL,2517166,2517166,2517166,2517169,LIMIT,SELL,1,380,2019-03-06T03:26:38.710,2019-03-06T03:26:42.823,,03:26:38.710,03:26:38.710,0,700,#N/A,#N/A,00:09:32,572.241,-1
pert-josh,M2@bmm,4565,433,8098,2,814,NULL,2517167,2517167,2517167,NULL,LIMIT,SELL,1,600,2019-03-06T03:26:40.336,2019-03-06T03:26:40.340,,03:26:40.336,03:26:40.336,0,700,#N/A,#N/A,00:09:34,573.867,-1
pert-josh,M3@bmm,4566,433,8098,2,814,NULL,2517169,2517169,2517169,2517166,LIMIT,BUY,1,380,2019-03-06T03:26:42.813,2019-03-06T03:26:42.823,,03:26:42.813,03:26:42.813,1,700,380,-320,00:09:36,576.344,1
pert-josh,M5@bmm,4568,433,8098,2,814,NULL,2517170,2517170,2517170,2517180,LIMIT,BUY,1,400,2019-03-06T03:26:43.342,2019-03-06T03:27:00.888,,03:26:43.342,03:26:43.342,0,700,#N/A,#N/A,00:09:37,576.873,1
pert-josh,M6@bmm,4569,433,8098,2,814,NULL,2517171,2517171,2517171,2517178,LIMIT,BUY,1,435,2019-03-06T03:26:48.047,2019-03-06T03:27:00.022,,03:26:48.047,03:26:48.047,0,700,#N/A,#N/A,00:09:42,581.578,1
pert-josh,M2@bmm,4565,433,8098,2,814,NULL,2517173,2517173,2517173,NULL,LIMIT,BUY,1,230,2019-03-06T03:26:50.094,2019-03-06T03:26:50.098,,03:26:50.094,03:26:50.094,0,700,#N/A,#N/A,00:09:44,583.625,1
pert-josh,M1@bmm,4564,433,8098,2,814,NULL,2517175,2517174,2517174,2517154,LIMIT,BUY,1,595,2019-03-06T03:26:52.180,2019-03-06T03:26:52.185,,03:26:52.180,03:26:52.180,1,700,595,-105,00:09:46,585.711,1
pert-josh,M7@bmm,4570,433,8098,2,814,NULL,2517178,2517177,2517177,2517171,LIMIT,SELL,1,435,2019-03-06T03:27:00.017,2019-03-06T03:27:00.022,,03:27:00.017,03:27:00.017,1,700,435,-265,00:09:54,593.548,-1
pert-josh,M7@bmm,4570,433,8098,2,814,NULL,2517180,2517179,2517179,2517170,LIMIT,SELL,1,400,2019-03-06T03:27:00.883,2019-03-06T03:27:00.888,,03:27:00.883,03:27:00.883,1,700,400,-300,00:09:54,594.414,-1
pert-josh,M2@bmm,4565,433,8098,2,814,NULL,2517181,2517181,2517181,NULL,LIMIT,SELL,1,575,2019-03-06T03:27:00.991,2019-03-06T03:27:00.994,,03:27:00.991,03:27:00.991,0,700,#N/A,#N/A,00:09:55,594.522,-1
pert-josh,M3@bmm,4566,433,8098,2,814,NULL,2517185,2517185,2517185,NULL,LIMIT,SELL,1,500,2019-03-06T03:27:02.792,2019-03-06T03:27:02.796,,03:27:02.792,03:27:02.792,0,700,#N/A,#N/A,00:09:56,596.323,-1
pert-josh,M7@bmm,4570,433,8098,2,814,NULL,2517190,2517190,2517190,2517191,LIMIT,SELL,1,405,2019-03-06T03:27:12.240,2019-03-06T03:27:17.349,,03:27:12.240,03:27:12.240,0,700,#N/A,#N/A,00:10:06,605.771,-1
pert-josh,M4@bmm,4567,433,8098,2,814,NULL,2517191,2517191,2517191,2517190,LIMIT,BUY,1,405,2019-03-06T03:27:17.337,2019-03-06T03:27:17.349,,03:27:17.337,03:27:17.337,1,700,405,-295,00:10:11,610.868,1
pert-josh,M7@bmm,4570,433,8098,2,814,NULL,2517192,2517192,2517192,NULL,LIMIT,BUY,1,135,2019-03-06T03:27:18.822,2019-03-06T03:27:18.826,,03:27:18.822,03:27:18.822,0,700,#N/A,#N/A,00:10:12,612.353,1
pert-josh,M3@bmm,4566,433,8099,3,814,NULL,2517194,2517194,2517194,NULL,LIMIT,SELL,2,595,2019-03-06T03:27:59.507,2019-03-06T03:27:59.511,,03:27:59.507,03:27:59.507,0,650,#N/A,#N/A,00:10:53,653.038,-1
pert-josh,M6@bmm,4569,433,8099,3,814,NULL,2517195,2517195,2517195,2517197,LIMIT,BUY,1,570,2019-03-06T03:28:03.081,2019-03-06T03:28:03.611,,03:28:03.081,03:28:03.081,0,650,#N/A,#N/A,00:10:57,656.612,1
pert-josh,M7@bmm,4570,433,8099,3,814,NULL,2517197,2517196,2517196,2517195,LIMIT,SELL,1,570,2019-03-06T03:28:03.604,2019-03-06T03:28:03.611,,03:28:03.604,03:28:03.604,1,650,570,-80,00:10:57,657.135,-1
pert-josh,M3@bmm,4566,433,8099,3,814,NULL,2517199,2517199,2517199,NULL,LIMIT,SELL,1,600,2019-03-06T03:28:05.109,2019-03-06T03:28:05.112,,03:28:05.109,03:28:05.109,0,650,#N/A,#N/A,00:10:59,658.64,-1
pert-josh,M2@bmm,4565,433,8099,3,814,NULL,2517202,2517202,2517202,NULL,LIMIT,SELL,1,610,2019-03-06T03:28:08.179,2019-03-06T03:28:08.183,,03:28:08.179,03:28:08.179,0,650,#N/A,#N/A,00:11:02,661.71,-1
pert-josh,M5@bmm,4568,433,8099,3,814,NULL,2517203,2517203,2517203,2517211,LIMIT,SELL,1,450,2019-03-06T03:28:08.776,2019-03-06T03:28:15.636,,03:28:08.776,03:28:08.776,0,650,#N/A,#N/A,00:11:02,662.307,-1
pert-josh,M3@bmm,4566,433,8099,3,814,NULL,2517210,2517210,2517210,2517299,LIMIT,BUY,1,390,2019-03-06T03:28:15.470,2019-03-06T03:30:53.691,,03:28:15.470,03:28:15.470,0,650,#N/A,#N/A,00:11:09,669.001,1
pert-josh,M4@bmm,4567,433,8099,3,814,NULL,2517211,2517211,2517211,2517203,LIMIT,BUY,1,450,2019-03-06T03:28:15.629,2019-03-06T03:28:15.636,,03:28:15.629,03:28:15.629,1,650,450,-200,00:11:09,669.16,1
pert-josh,M5@bmm,4568,433,8099,3,814,NULL,2517213,2517213,2517213,2517228,LIMIT,SELL,1,500,2019-03-06T03:28:18.176,2019-03-06T03:28:29.741,,03:28:18.176,03:28:18.176,0,650,#N/A,#N/A,00:11:12,671.707,-1
pert-josh,M6@bmm,4569,433,8099,3,814,NULL,2517217,2517216,2517216,2517218,LIMIT,BUY,1,415,2019-03-06T03:28:23.180,2019-03-06T03:28:23.194,,03:28:23.180,03:28:23.180,0,650,#N/A,#N/A,00:11:17,676.711,1
pert-josh,M7@bmm,4570,433,8099,3,814,NULL,2517218,2517212,2517212,2517217,LIMIT,SELL,1,415,2019-03-06T03:28:23.184,2019-03-06T03:28:23.194,,03:28:23.184,03:28:23.184,1,650,415,-235,00:11:17,676.715,-1
pert-josh,M5@bmm,4568,433,8099,3,814,NULL,2517221,2517221,2517221,2517224,LIMIT,BUY,1,450,2019-03-06T03:28:25.259,2019-03-06T03:28:25.815,,03:28:25.259,03:28:25.259,0,650,#N/A,#N/A,00:11:19,678.79,1
pert-josh,M7@bmm,4570,433,8099,3,814,NULL,2517224,2517223,2517223,2517221,LIMIT,SELL,1,450,2019-03-06T03:28:25.807,2019-03-06T03:28:25.816,,03:28:25.807,03:28:25.807,1,650,450,-200,00:11:19,679.338,-1
pert-josh,M7@bmm,4570,433,8099,3,814,NULL,2517225,2517223,2517223,2517227,LIMIT,SELL,1,415,2019-03-06T03:28:25.801,2019-03-06T03:28:27.753,,03:28:25.801,03:28:25.801,0,650,#N/A,#N/A,00:11:19,679.332,-1
pert-josh,M6@bmm,4569,433,8099,3,814,NULL,2517227,2517226,2517226,2517225,LIMIT,BUY,1,415,2019-03-06T03:28:27.748,2019-03-06T03:28:27.753,,03:28:27.748,03:28:27.748,1,650,415,-235,00:11:21,681.279,1
pert-josh,M6@bmm,4569,433,8099,3,814,NULL,2517228,2517228,2517228,2517213,LIMIT,BUY,1,500,2019-03-06T03:28:29.733,2019-03-06T03:28:29.741,,03:28:29.733,03:28:29.733,1,650,500,-150,00:11:23,683.264,1
pert-josh,M3@bmm,4566,433,8099,3,814,NULL,2517229,2517229,2517229,2517232,LIMIT,SELL,1,440,2019-03-06T03:28:33.218,2019-03-06T03:28:38.898,,03:28:33.218,03:28:33.218,0,650,#N/A,#N/A,00:11:27,686.749,-1
pert-josh,M5@bmm,4568,433,8099,3,814,NULL,2517230,2517230,2517230,2517243,LIMIT,BUY,1,400,2019-03-06T03:28:35.344,2019-03-06T03:29:01.571,,03:28:35.344,03:28:35.344,0,650,#N/A,#N/A,00:11:29,688.875,1
pert-josh,M6@bmm,4569,433,8099,3,814,NULL,2517232,2517231,2517231,2517229,LIMIT,BUY,1,440,2019-03-06T03:28:38.894,2019-03-06T03:28:38.899,,03:28:38.894,03:28:38.894,1,650,440,-210,00:11:32,692.425,1
pert-josh,M3@bmm,4566,433,8099,3,814,NULL,2517233,2517233,2517233,NULL,LIMIT,SELL,2,625,2019-03-06T03:28:43.279,2019-03-06T03:28:43.282,,03:28:43.279,03:28:43.279,0,650,#N/A,#N/A,00:11:37,696.81,-1
pert-josh,M4@bmm,4567,433,8099,3,814,NULL,2517236,2517236,2517236,NULL,LIMIT,SELL,1,555,2019-03-06T03:28:49.090,2019-03-06T03:28:49.094,,03:28:49.090,03:28:49.090,0,650,#N/A,#N/A,00:11:43,702.621,-1
pert-josh,M3@bmm,4566,433,8099,3,814,NULL,2517243,2517243,2517243,2517230,LIMIT,SELL,1,400,2019-03-06T03:29:01.559,2019-03-06T03:29:01.571,,03:29:01.559,03:29:01.559,1,650,400,-250,00:11:55,715.09,-1
pert-josh,M3@bmm,4566,433,8099,3,814,NULL,2517247,2517247,2517247,NULL,LIMIT,SELL,1,420,2019-03-06T03:29:13.912,2019-03-06T03:29:13.916,,03:29:13.912,03:29:13.912,0,650,#N/A,#N/A,00:12:07,727.443,-1
pert-josh,M5@bmm,4568,433,8099,3,814,NULL,2517251,2517251,2517251,2517255,LIMIT,BUY,1,400,2019-03-06T03:29:18.999,2019-03-06T03:29:25.871,,03:29:18.999,03:29:18.999,0,650,#N/A,#N/A,00:12:13,732.53,1
pert-josh,M7@bmm,4570,433,8099,3,814,NULL,2517255,2517254,2517254,2517251,LIMIT,SELL,1,400,2019-03-06T03:29:25.866,2019-03-06T03:29:25.871,,03:29:25.866,03:29:25.866,1,650,400,-250,00:12:19,739.397,-1
pert-josh,M3@bmm,4566,433,8099,3,814,NULL,2517263,2517263,2517263,2517309,LIMIT,BUY,1,385,2019-03-06T03:29:42.552,2019-03-06T03:31:12.857,,03:29:42.552,03:29:42.552,0,650,#N/A,#N/A,00:12:36,756.083,1
pert-josh,M2@bmm,4565,433,8099,3,814,NULL,2517272,2517272,2517272,NULL,LIMIT,SELL,1,415,2019-03-06T03:30:01.936,2019-03-06T03:30:01.945,,03:30:01.936,03:30:01.936,0,650,#N/A,#N/A,00:12:55,775.467,-1
pert-josh,M3@bmm,4566,433,8099,3,814,NULL,2517275,2517274,2517274,2517276,LIMIT,SELL,2,405,2019-03-06T03:30:04.431,2019-03-06T03:30:04.443,,03:30:04.431,03:30:04.431,0,650,#N/A,#N/A,00:12:58,777.962,-1
pert-josh,M1@bmm,4564,433,8099,3,814,NULL,2517276,2517257,2517257,2517275,LIMIT,BUY,2,405,2019-03-06T03:30:04.434,2019-03-06T03:30:04.443,,03:30:04.434,03:30:04.434,1,650,405,-245,00:12:58,777.965,1
pert-josh,M1@bmm,4564,433,8099,3,814,NULL,2517277,2517257,2517257,2517280,LIMIT,BUY,1,405,2019-03-06T03:29:31.170,2019-03-06T03:30:10.235,,03:29:31.170,03:29:31.170,0,650,#N/A,#N/A,00:12:25,744.701,1
pert-josh,M5@bmm,4568,433,8099,3,814,NULL,2517278,2517278,2517278,2517285,LIMIT,SELL,1,410,2019-03-06T03:30:06.281,2019-03-06T03:30:25.767,,03:30:06.281,03:30:06.281,0,650,#N/A,#N/A,00:13:00,779.812,-1
pert-josh,M3@bmm,4566,433,8099,3,814,NULL,2517280,2517279,2517279,2517277,LIMIT,SELL,1,405,2019-03-06T03:30:10.224,2019-03-06T03:30:10.235,,03:30:10.224,03:30:10.224,1,650,405,-245,00:13:04,783.755,-1
pert-josh,M3@bmm,4566,433,8099,3,814,NULL,2517285,2517285,2517285,2517278,LIMIT,BUY,1,410,2019-03-06T03:30:25.759,2019-03-06T03:30:25.767,,03:30:25.759,03:30:25.759,1,650,410,-240,00:13:19,799.29,1
pert-josh,M6@bmm,4569,433,8099,3,814,NULL,2517287,2517287,2517287,2517288,LIMIT,BUY,1,410,2019-03-06T03:30:27.655,2019-03-06T03:30:27.670,,03:30:27.655,03:30:27.655,0,650,#N/A,#N/A,00:13:21,801.186,1
pert-josh,M8@bmm,4571,433,8099,3,814,NULL,2517288,2517282,2517282,2517287,LIMIT,SELL,1,410,2019-03-06T03:30:27.662,2019-03-06T03:30:27.670,,03:30:27.662,03:30:27.662,1,650,410,-240,00:13:21,801.193,-1
pert-josh,M8@bmm,4571,433,8099,3,814,NULL,2517289,2517282,2517282,NULL,LIMIT,SELL,1,410,2019-03-06T03:30:11.018,2019-03-06T03:30:27.670,,03:30:11.018,03:30:11.018,0,650,#N/A,#N/A,00:13:05,784.549,-1
pert-josh,M3@bmm,4566,433,8099,3,814,NULL,2517292,2517292,2517292,NULL,LIMIT,SELL,1,405,2019-03-06T03:30:33.383,2019-03-06T03:30:33.387,,03:30:33.383,03:30:33.383,0,650,#N/A,#N/A,00:13:27,806.914,-1
pert-josh,M6@bmm,4569,433,8099,3,814,NULL,2517293,2517293,2517293,NULL,LIMIT,SELL,1,415,2019-03-06T03:30:34.407,2019-03-06T03:30:34.411,,03:30:34.407,03:30:34.407,0,650,#N/A,#N/A,00:13:28,807.938,-1
pert-josh,M2@bmm,4565,433,8099,3,814,NULL,2517299,2517299,2517299,2517210,LIMIT,SELL,1,390,2019-03-06T03:30:53.681,2019-03-06T03:30:53.691,,03:30:53.681,03:30:53.681,1,650,390,-260,00:13:47,827.212,-1
pert-josh,M5@bmm,4568,433,8099,3,814,NULL,2517301,2517301,2517301,2517302,LIMIT,BUY,1,395,2019-03-06T03:31:01.954,2019-03-06T03:31:01.972,,03:31:01.954,03:31:01.954,0,650,#N/A,#N/A,00:13:55,835.485,1
pert-josh,M8@bmm,4571,433,8099,3,814,NULL,2517302,2517300,2517300,2517301,LIMIT,SELL,1,395,2019-03-06T03:31:01.964,2019-03-06T03:31:01.972,,03:31:01.964,03:31:01.964,1,650,395,-255,00:13:55,835.495,-1
pert-josh,M8@bmm,4571,433,8099,3,814,NULL,2517303,2517300,2517300,2517306,LIMIT,SELL,1,395,2019-03-06T03:31:00.291,2019-03-06T03:31:06.001,,03:31:00.291,03:31:00.291,0,650,#N/A,#N/A,00:13:54,833.822,-1
pert-josh,M3@bmm,4566,433,8099,3,814,NULL,2517306,2517306,2517306,2517303,LIMIT,BUY,1,395,2019-03-06T03:31:05.991,2019-03-06T03:31:06.001,,03:31:05.991,03:31:05.991,1,650,395,-255,00:14:00,839.522,1
pert-josh,M3@bmm,4566,433,8099,3,814,NULL,2517308,2517308,2517308,2517311,LIMIT,SELL,1,390,2019-03-06T03:31:12.384,2019-03-06T03:31:13.839,,03:31:12.384,03:31:12.384,0,650,#N/A,#N/A,00:14:06,845.915,-1
pert-josh,M2@bmm,4565,433,8099,3,814,NULL,2517309,2517309,2517309,2517263,LIMIT,SELL,1,385,2019-03-06T03:31:12.849,2019-03-06T03:31:12.857,,03:31:12.849,03:31:12.849,1,650,385,-265,00:14:06,846.38,-1
pert-josh,M4@bmm,4567,433,8099,3,814,NULL,2517311,2517310,2517310,2517308,LIMIT,BUY,1,390,2019-03-06T03:31:13.829,2019-03-06T03:31:13.839,,03:31:13.829,03:31:13.829,1,650,390,-260,00:14:07,847.36,1
pert-josh,M2@bmm,4565,433,8099,3,814,NULL,2517316,2517315,2517315,2517317,LIMIT,BUY,1,400,2019-03-06T03:31:27.976,2019-03-06T03:31:27.989,,03:31:27.976,03:31:27.976,0,650,#N/A,#N/A,00:14:22,861.507,1
pert-josh,M8@bmm,4571,433,8099,3,814,NULL,2517317,2517291,2517291,2517316,LIMIT,SELL,1,400,2019-03-06T03:31:27.980,2019-03-06T03:31:27.989,,03:31:27.980,03:31:27.980,1,650,400,-250,00:14:22,861.511,-1
pert-josh,M8@bmm,4571,433,8099,3,814,NULL,2517318,2517291,2517291,2517323,LIMIT,SELL,1,400,2019-03-06T03:30:32.867,2019-03-06T03:31:32.380,,03:30:32.867,03:30:32.867,0,650,#N/A,#N/A,00:13:26,806.398,-1
pert-josh,M8@bmm,4571,433,8099,3,814,NULL,2517321,2517321,2517321,NULL,LIMIT,BUY,1,380,2019-03-06T03:31:29.746,2019-03-06T03:31:29.750,,03:31:29.746,03:31:29.746,0,650,#N/A,#N/A,00:14:23,863.277,1
pert-josh,M2@bmm,4565,433,8099,3,814,NULL,2517323,2517322,2517322,2517318,LIMIT,BUY,1,400,2019-03-06T03:31:32.375,2019-03-06T03:31:32.380,,03:31:32.375,03:31:32.375,1,650,400,-250,00:14:26,865.906,1
pert-josh,M3@bmm,4566,433,8099,3,814,NULL,2517324,2517324,2517324,NULL,LIMIT,SELL,1,405,2019-03-06T03:31:39.194,2019-03-06T03:31:39.198,,03:31:39.194,03:31:39.194,0,650,#N/A,#N/A,00:14:33,872.725,-1
pert-josh,M5@bmm,4568,433,8099,3,814,NULL,2517325,2517325,2517325,NULL,LIMIT,BUY,1,350,2019-03-06T03:31:40.874,2019-03-06T03:31:40.878,,03:31:40.874,03:31:40.874,0,650,#N/A,#N/A,00:14:34,874.405,1
pert-josh,M2@bmm,4565,433,8099,3,814,NULL,2517327,2517327,2517327,NULL,LIMIT,BUY,1,295,2019-03-06T03:31:43.334,2019-03-06T03:31:43.337,,03:31:43.334,03:31:43.334,0,650,#N/A,#N/A,00:14:37,876.865,1
pert-josh,M6@bmm,4569,433,8099,3,814,NULL,2517328,2517328,2517328,NULL,LIMIT,SELL,1,410,2019-03-06T03:31:46.103,2019-03-06T03:31:46.106,,03:31:46.103,03:31:46.103,0,650,#N/A,#N/A,00:14:40,879.634,-1
pert-josh,M5@bmm,4568,433,8100,4,814,NULL,2517331,2517331,2517331,2517344,LIMIT,BUY,1,405,2019-03-06T03:32:33.763,2019-03-06T03:32:50.812,,03:32:33.763,03:32:33.763,0,600,#N/A,#N/A,00:15:27,927.294,1
pert-josh,M6@bmm,4569,433,8100,4,814,NULL,2517332,2517332,2517332,2517336,LIMIT,SELL,1,410,2019-03-06T03:32:35.312,2019-03-06T03:32:39.805,,03:32:35.312,03:32:35.312,0,600,#N/A,#N/A,00:15:29,928.843,-1
pert-josh,M3@bmm,4566,433,8100,4,814,NULL,2517334,2517334,2517334,NULL,LIMIT,SELL,2,435,2019-03-06T03:32:38.945,2019-03-06T03:32:38.948,,03:32:38.945,03:32:38.945,0,600,#N/A,#N/A,00:15:32,932.476,-1
pert-josh,M8@bmm,4571,433,8100,4,814,NULL,2517336,2517335,2517335,2517332,LIMIT,BUY,1,410,2019-03-06T03:32:39.800,2019-03-06T03:32:39.805,,03:32:39.800,03:32:39.800,1,600,410,-190,00:15:33,933.331,1
pert-josh,M5@bmm,4568,433,8100,4,814,NULL,2517341,2517341,2517341,2517370,LIMIT,SELL,1,410,2019-03-06T03:32:47.443,2019-03-06T03:33:43.422,,03:32:47.443,03:32:47.443,0,600,#N/A,#N/A,00:15:41,940.974,-1
pert-josh,M2@bmm,4565,433,8100,4,814,NULL,2517344,2517344,2517344,2517331,LIMIT,SELL,1,405,2019-03-06T03:32:50.804,2019-03-06T03:32:50.812,,03:32:50.804,03:32:50.804,1,600,405,-195,00:15:44,944.335,-1
pert-josh,M3@bmm,4566,433,8100,4,814,NULL,2517348,2517348,2517348,NULL,LIMIT,SELL,2,415,2019-03-06T03:33:02.363,2019-03-06T03:33:02.366,,03:33:02.363,03:33:02.363,0,600,#N/A,#N/A,00:15:56,955.894,-1
pert-josh,M8@bmm,4571,433,8100,4,814,NULL,2517350,2517350,2517350,2517353,LIMIT,BUY,1,405,2019-03-06T03:33:07.877,2019-03-06T03:33:14.906,,03:33:07.877,03:33:07.877,0,600,#N/A,#N/A,00:16:01,961.408,1
pert-josh,M3@bmm,4566,433,8100,4,814,NULL,2517353,2517353,2517353,2517350,LIMIT,SELL,1,405,2019-03-06T03:33:14.896,2019-03-06T03:33:14.906,,03:33:14.896,03:33:14.896,1,600,405,-195,00:16:08,968.427,-1
pert-josh,M4@bmm,4567,433,8100,4,814,NULL,2517355,2517355,2517355,NULL,LIMIT,SELL,1,415,2019-03-06T03:33:20.207,2019-03-06T03:33:20.210,,03:33:20.207,03:33:20.207,0,600,#N/A,#N/A,00:16:14,973.738,-1
pert-josh,M5@bmm,4568,433,8100,4,814,NULL,2517356,2517356,2517356,2517362,LIMIT,SELL,1,405,2019-03-06T03:33:21.162,2019-03-06T03:33:34.395,,03:33:21.162,03:33:21.162,0,600,#N/A,#N/A,00:16:15,974.693,-1
pert-josh,M6@bmm,4569,433,8100,4,814,NULL,2517357,2517357,2517357,2517449,LIMIT,BUY,1,390,2019-03-06T03:33:22.231,2019-03-06T03:35:52.510,,03:33:22.231,03:33:22.231,0,600,#N/A,#N/A,00:16:16,975.762,1
pert-josh,M6@bmm,4569,433,8100,4,814,NULL,2517359,2517359,2517359,2517415,LIMIT,BUY,1,395,2019-03-06T03:33:25.111,2019-03-06T03:34:59.396,,03:33:25.111,03:33:25.111,0,600,#N/A,#N/A,00:16:19,978.642,1
pert-josh,M8@bmm,4571,433,8100,4,814,NULL,2517362,2517361,2517361,2517356,LIMIT,BUY,1,405,2019-03-06T03:33:34.386,2019-03-06T03:33:34.395,,03:33:34.386,03:33:34.386,1,600,405,-195,00:16:28,987.917,1
pert-josh,M8@bmm,4571,433,8100,4,814,NULL,2517363,2517361,2517361,2517366,LIMIT,BUY,1,405,2019-03-06T03:33:34.380,2019-03-06T03:33:40.349,,03:33:34.380,03:33:34.380,0,600,#N/A,#N/A,00:16:28,987.911,1
pert-josh,M2@bmm,4565,433,8100,4,814,NULL,2517366,2517366,2517366,2517363,LIMIT,SELL,1,405,2019-03-06T03:33:40.341,2019-03-06T03:33:40.349,,03:33:40.341,03:33:40.341,1,600,405,-195,00:16:34,993.872,-1
pert-josh,M6@bmm,4569,433,8100,4,814,NULL,2517367,2517367,2517367,2517369,LIMIT,SELL,1,405,2019-03-06T03:33:43.192,2019-03-06T03:33:43.421,,03:33:43.192,03:33:43.192,0,600,#N/A,#N/A,00:16:37,996.723,-1
pert-josh,M8@bmm,4571,433,8100,4,814,NULL,2517369,2517368,2517368,2517367,LIMIT,BUY,1,405,2019-03-06T03:33:43.412,2019-03-06T03:33:43.422,,03:33:43.412,03:33:43.412,1,600,405,-195,00:16:37,996.943,1
pert-josh,M8@bmm,4571,433,8100,4,814,NULL,2517370,2517368,2517368,2517341,LIMIT,BUY,1,410,2019-03-06T03:33:43.417,2019-03-06T03:33:43.422,,03:33:43.417,03:33:43.417,1,600,410,-190,00:16:37,996.948,1
pert-josh,M5@bmm,4568,433,8100,4,814,NULL,2517371,2517371,2517371,2517417,LIMIT,BUY,1,395,2019-03-06T03:33:47.884,2019-03-06T03:35:01.318,,03:33:47.884,03:33:47.884,0,600,#N/A,#N/A,00:16:41,1001.415,1
pert-josh,M6@bmm,4569,433,8100,4,814,NULL,2517378,2517378,2517378,NULL,LIMIT,SELL,1,405,2019-03-06T03:33:56.696,2019-03-06T03:33:56.700,,03:33:56.696,03:33:56.696,0,600,#N/A,#N/A,00:16:50,1010.227,-1
pert-josh,M7@bmm,4570,433,8100,4,814,NULL,2517384,2517383,2517383,2517385,LIMIT,BUY,1,405,2019-03-06T03:34:11.403,2019-03-06T03:34:11.416,,03:34:11.403,03:34:11.403,0,600,#N/A,#N/A,00:17:05,1024.934,1
pert-josh,M3@bmm,4566,433,8100,4,814,NULL,2517385,2517375,2517375,2517384,LIMIT,SELL,1,405,2019-03-06T03:34:11.407,2019-03-06T03:34:11.416,,03:34:11.407,03:34:11.407,1,600,405,-195,00:17:05,1024.938,-1
pert-josh,M3@bmm,4566,433,8100,4,814,NULL,2517386,2517375,2517375,2517396,LIMIT,SELL,1,405,2019-03-06T03:33:53.649,2019-03-06T03:34:26.819,,03:33:53.649,03:33:53.649,0,600,#N/A,#N/A,00:16:47,1007.18,-1
pert-josh,M2@bmm,4565,433,8100,4,814,NULL,2517387,2517387,2517387,2517388,LIMIT,SELL,1,400,2019-03-06T03:34:12.186,2019-03-06T03:34:12.202,,03:34:12.186,03:34:12.186,0,600,#N/A,#N/A,00:17:06,1025.717,-1
pert-josh,M3@bmm,4566,433,8100,4,814,NULL,2517388,2517345,2517345,2517387,LIMIT,BUY,1,400,2019-03-06T03:34:12.194,2019-03-06T03:34:12.202,,03:34:12.194,03:34:12.194,1,600,400,-200,00:17:06,1025.725,1
pert-josh,M3@bmm,4566,433,8100,4,814,NULL,2517392,2517392,2517392,NULL,LIMIT,SELL,1,410,2019-03-06T03:34:19.139,2019-03-06T03:34:19.144,,03:34:19.139,03:34:19.139,0,600,#N/A,#N/A,00:17:13,1032.67,-1
pert-josh,M5@bmm,4568,433,8100,4,814,NULL,2517395,2517395,2517395,2517399,LIMIT,BUY,1,400,2019-03-06T03:34:22.514,2019-03-06T03:34:30.423,,03:34:22.514,03:34:22.514,0,600,#N/A,#N/A,00:17:16,1036.045,1
pert-josh,M7@bmm,4570,433,8100,4,814,NULL,2517396,2517396,2517396,2517386,LIMIT,BUY,1,405,2019-03-06T03:34:26.804,2019-03-06T03:34:26.819,,03:34:26.804,03:34:26.804,1,600,405,-195,00:17:20,1040.335,1
pert-josh,M3@bmm,4566,433,8100,4,814,NULL,2517399,2517397,2517397,2517395,LIMIT,SELL,1,400,2019-03-06T03:34:30.418,2019-03-06T03:34:30.423,,03:34:30.418,03:34:30.418,1,600,400,-200,00:17:24,1043.949,-1
pert-josh,M5@bmm,4568,433,8100,4,814,NULL,2517405,2517405,2517405,2517438,LIMIT,SELL,1,400,2019-03-06T03:34:41.497,2019-03-06T03:35:38.206,,03:34:41.497,03:34:41.497,0,600,#N/A,#N/A,00:17:35,1055.028,-1
pert-josh,M8@bmm,4571,433,8100,4,814,NULL,2517414,2517414,2517414,NULL,LIMIT,SELL,2,530,2019-03-06T03:34:58.414,2019-03-06T03:34:58.417,,03:34:58.414,03:34:58.414,0,600,#N/A,#N/A,00:17:52,1071.945,-1
pert-josh,M7@bmm,4570,433,8100,4,814,NULL,2517415,2517415,2517415,2517359,LIMIT,SELL,1,395,2019-03-06T03:34:59.386,2019-03-06T03:34:59.395,,03:34:59.386,03:34:59.386,1,600,395,-205,00:17:53,1072.917,-1
pert-josh,M3@bmm,4566,433,8100,4,814,NULL,2517417,2517416,2517416,2517371,LIMIT,SELL,1,395,2019-03-06T03:35:01.297,2019-03-06T03:35:01.318,,03:35:01.297,03:35:01.297,1,600,395,-205,00:17:55,1074.828,-1
pert-josh,M3@bmm,4566,433,8100,4,814,NULL,2517418,2517416,2517416,2517419,LIMIT,SELL,1,395,2019-03-06T03:35:01.304,2019-03-06T03:35:01.319,,03:35:01.304,03:35:01.304,0,600,#N/A,#N/A,00:17:55,1074.835,-1
pert-josh,M8@bmm,4571,433,8100,4,814,NULL,2517419,2517408,2517408,2517418,LIMIT,BUY,1,395,2019-03-06T03:35:01.308,2019-03-06T03:35:01.319,,03:35:01.308,03:35:01.308,1,600,395,-205,00:17:55,1074.839,1
pert-josh,M8@bmm,4571,433,8100,4,814,NULL,2517420,2517408,2517408,2517422,LIMIT,BUY,1,395,2019-03-06T03:34:43.802,2019-03-06T03:35:04.643,,03:34:43.802,03:34:43.802,0,600,#N/A,#N/A,00:17:37,1057.333,1
pert-josh,M3@bmm,4566,433,8100,4,814,NULL,2517422,2517421,2517421,2517420,LIMIT,SELL,1,395,2019-03-06T03:35:04.635,2019-03-06T03:35:04.643,,03:35:04.635,03:35:04.635,1,600,395,-205,00:17:58,1078.166,-1
pert-josh,M3@bmm,4566,433,8100,4,814,NULL,2517423,2517421,2517421,2517424,LIMIT,SELL,1,395,2019-03-06T03:35:04.626,2019-03-06T03:35:04.923,,03:35:04.626,03:35:04.626,0,600,#N/A,#N/A,00:17:58,1078.157,-1
pert-josh,M2@bmm,4565,433,8100,4,814,NULL,2517424,2517424,2517424,2517423,LIMIT,BUY,1,395,2019-03-06T03:35:04.915,2019-03-06T03:35:04.923,,03:35:04.915,03:35:04.915,1,600,395,-205,00:17:58,1078.446,1
pert-josh,M2@bmm,4565,433,8100,4,814,NULL,2517429,2517429,2517429,2517430,LIMIT,BUY,1,395,2019-03-06T03:35:16.930,2019-03-06T03:35:19.394,,03:35:16.930,03:35:16.930,0,600,#N/A,#N/A,00:18:10,1090.461,1
pert-josh,M5@bmm,4568,433,8100,4,814,NULL,2517430,2517430,2517430,2517429,LIMIT,SELL,1,395,2019-03-06T03:35:19.387,2019-03-06T03:35:19.394,,03:35:19.387,03:35:19.387,1,600,395,-205,00:18:13,1092.918,-1
pert-josh,M7@bmm,4570,433,8100,4,814,NULL,2517434,2517434,2517434,NULL,LIMIT,BUY,1,380,2019-03-06T03:35:30.913,2019-03-06T03:35:30.917,,03:35:30.913,03:35:30.913,0,600,#N/A,#N/A,00:18:24,1104.444,1
pert-josh,M2@bmm,4565,433,8100,4,814,NULL,2517436,2517436,2517436,2517439,LIMIT,SELL,1,400,2019-03-06T03:35:35.768,2019-03-06T03:35:38.207,,03:35:35.768,03:35:35.768,0,600,#N/A,#N/A,00:18:29,1109.299,-1
pert-josh,M3@bmm,4566,433,8100,4,814,NULL,2517438,2517437,2517437,2517405,LIMIT,BUY,1,400,2019-03-06T03:35:38.196,2019-03-06T03:35:38.207,,03:35:38.196,03:35:38.196,1,600,400,-200,00:18:32,1111.727,1
pert-josh,M3@bmm,4566,433,8100,4,814,NULL,2517439,2517437,2517437,2517436,LIMIT,BUY,1,400,2019-03-06T03:35:38.201,2019-03-06T03:35:38.207,,03:35:38.201,03:35:38.201,1,600,400,-200,00:18:32,1111.732,1
pert-josh,M7@bmm,4570,433,8100,4,814,NULL,2517440,2517440,2517440,NULL,LIMIT,BUY,1,380,2019-03-06T03:35:40.282,2019-03-06T03:35:40.285,,03:35:40.282,03:35:40.282,0,600,#N/A,#N/A,00:18:34,1113.813,1
pert-josh,M6@bmm,4569,433,8100,4,814,NULL,2517441,2517441,2517441,NULL,LIMIT,SELL,1,400,2019-03-06T03:35:41.825,2019-03-06T03:35:41.828,,03:35:41.825,03:35:41.825,0,600,#N/A,#N/A,00:18:35,1115.356,-1
pert-josh,M5@bmm,4568,433,8100,4,814,NULL,2517443,2517443,2517443,2517450,LIMIT,SELL,1,395,2019-03-06T03:35:44.148,2019-03-06T03:35:53.354,,03:35:44.148,03:35:44.148,0,600,#N/A,#N/A,00:18:38,1117.679,-1
pert-josh,M8@bmm,4571,433,8100,4,814,NULL,2517447,2517447,2517447,NULL,LIMIT,SELL,1,400,2019-03-06T03:35:52.365,2019-03-06T03:35:52.368,,03:35:52.365,03:35:52.365,0,600,#N/A,#N/A,00:18:46,1125.896,-1
pert-josh,M7@bmm,4570,433,8100,4,814,NULL,2517449,2517448,2517448,2517357,LIMIT,SELL,1,390,2019-03-06T03:35:52.506,2019-03-06T03:35:52.511,,03:35:52.506,03:35:52.506,1,600,390,-210,00:18:46,1126.037,-1
pert-josh,M3@bmm,4566,433,8100,4,814,NULL,2517450,2517450,2517450,2517443,LIMIT,BUY,1,395,2019-03-06T03:35:53.346,2019-03-06T03:35:53.354,,03:35:53.346,03:35:53.346,1,600,395,-205,00:18:47,1126.877,1
pert-josh,M5@bmm,4568,433,8100,4,814,NULL,2517452,2517452,2517452,2517457,LIMIT,SELL,1,395,2019-03-06T03:36:03.068,2019-03-06T03:36:11.572,,03:36:03.068,03:36:03.068,0,600,#N/A,#N/A,00:18:57,1136.599,-1
pert-josh,M3@bmm,4566,433,8100,4,814,NULL,2517456,2517407,2517407,2517459,LIMIT,BUY,1,390,2019-03-06T03:34:43.433,2019-03-06T03:36:12.206,,03:34:43.433,03:34:43.433,0,600,#N/A,#N/A,00:17:37,1056.964,1
pert-josh,M4@bmm,4567,433,8100,4,814,NULL,2517457,2517457,2517457,2517452,LIMIT,BUY,1,395,2019-03-06T03:36:11.562,2019-03-06T03:36:11.572,,03:36:11.562,03:36:11.562,1,600,395,-205,00:19:05,1145.093,1
pert-josh,M7@bmm,4570,433,8100,4,814,NULL,2517458,2517458,2517458,NULL,LIMIT,BUY,3,285,2019-03-06T03:36:11.890,2019-03-06T03:36:11.893,,03:36:11.890,03:36:11.890,0,600,#N/A,#N/A,00:19:05,1145.421,1
pert-josh,M2@bmm,4565,433,8100,4,814,NULL,2517459,2517459,2517459,2517456,LIMIT,SELL,1,390,2019-03-06T03:36:12.197,2019-03-06T03:36:12.206,,03:36:12.197,03:36:12.197,1,600,390,-210,00:19:06,1145.728,-1
pert-josh,M8@bmm,4571,433,8100,4,814,NULL,2517460,2517460,2517460,NULL,LIMIT,BUY,1,395,2019-03-06T03:36:25.373,2019-03-06T03:36:25.376,,03:36:25.373,03:36:25.373,0,600,#N/A,#N/A,00:19:19,1158.904,1
pert-josh,M3@bmm,4566,433,8100,4,814,NULL,2517461,2517461,2517461,NULL,LIMIT,BUY,1,385,2019-03-06T03:36:26.801,2019-03-06T03:36:26.806,,03:36:26.801,03:36:26.801,0,600,#N/A,#N/A,00:19:20,1160.332,1
pert-josh,M6@bmm,4569,433,8101,5,814,NULL,2517466,2517466,2517466,NULL,LIMIT,SELL,1,410,2019-03-06T03:37:09.626,2019-03-06T03:37:09.630,,03:37:09.626,03:37:09.626,0,550,#N/A,#N/A,00:20:03,1203.157,-1
pert-josh,M8@bmm,4571,433,8101,5,814,NULL,2517469,2517469,2517469,NULL,LIMIT,SELL,1,595,2019-03-06T03:37:13.084,2019-03-06T03:37:13.088,,03:37:13.084,03:37:13.084,0,550,#N/A,#N/A,00:20:07,1206.615,-1
pert-josh,M3@bmm,4566,433,8101,5,814,NULL,2517471,2517471,2517471,NULL,LIMIT,SELL,2,415,2019-03-06T03:37:13.322,2019-03-06T03:37:13.325,,03:37:13.322,03:37:13.322,0,550,#N/A,#N/A,00:20:07,1206.853,-1
pert-josh,M6@bmm,4569,433,8101,5,814,NULL,2517472,2517472,2517472,2517488,LIMIT,BUY,1,395,2019-03-06T03:37:14.601,2019-03-06T03:37:31.490,,03:37:14.601,03:37:14.601,0,550,#N/A,#N/A,00:20:08,1208.132,1
pert-josh,M6@bmm,4569,433,8101,5,814,NULL,2517474,2517474,2517474,2517504,LIMIT,BUY,1,390,2019-03-06T03:37:15.577,2019-03-06T03:37:52.118,,03:37:15.577,03:37:15.577,0,550,#N/A,#N/A,00:20:09,1209.108,1
pert-josh,M4@bmm,4567,433,8101,5,814,NULL,2517475,2517475,2517475,NULL,LIMIT,SELL,1,405,2019-03-06T03:37:16.031,2019-03-06T03:37:16.035,,03:37:16.031,03:37:16.031,0,550,#N/A,#N/A,00:20:10,1209.562,-1
pert-josh,M6@bmm,4569,433,8101,5,814,NULL,2517476,2517476,2517476,NULL,LIMIT,BUY,1,385,2019-03-06T03:37:17.691,2019-03-06T03:37:17.695,,03:37:17.691,03:37:17.691,0,550,#N/A,#N/A,00:20:11,1211.222,1
pert-josh,M5@bmm,4568,433,8101,5,814,NULL,2517478,2517478,2517478,2517482,LIMIT,BUY,1,400,2019-03-06T03:37:21.150,2019-03-06T03:37:25.314,,03:37:21.150,03:37:21.150,0,550,#N/A,#N/A,00:20:15,1214.681,1
pert-josh,M3@bmm,4566,433,8101,5,814,NULL,2517482,2517481,2517481,2517478,LIMIT,SELL,1,400,2019-03-06T03:37:25.305,2019-03-06T03:37:25.314,,03:37:25.305,03:37:25.305,1,550,400,-150,00:20:19,1218.836,-1
pert-josh,M3@bmm,4566,433,8101,5,814,NULL,2517483,2517481,2517481,2517527,LIMIT,SELL,1,400,2019-03-06T03:37:25.298,2019-03-06T03:38:23.419,,03:37:25.298,03:37:25.298,0,550,#N/A,#N/A,00:20:19,1218.829,-1
pert-josh,M3@bmm,4566,433,8101,5,814,NULL,2517488,2517487,2517487,2517472,LIMIT,SELL,1,395,2019-03-06T03:37:31.482,2019-03-06T03:37:31.490,,03:37:31.482,03:37:31.482,1,550,395,-155,00:20:25,1225.013,-1
pert-josh,M3@bmm,4566,433,8101,5,814,NULL,2517489,2517487,2517487,2517502,LIMIT,SELL,1,395,2019-03-06T03:37:31.475,2019-03-06T03:37:50.159,,03:37:31.475,03:37:31.475,0,550,#N/A,#N/A,00:20:25,1225.006,-1
pert-josh,M5@bmm,4568,433,8101,5,814,NULL,2517494,2517494,2517494,2517507,LIMIT,SELL,1,395,2019-03-06T03:37:39.086,2019-03-06T03:37:58.829,,03:37:39.086,03:37:39.086,0,550,#N/A,#N/A,00:20:33,1232.617,-1
pert-josh,M7@bmm,4570,433,8101,5,814,NULL,2517502,2517501,2517501,2517489,LIMIT,BUY,1,395,2019-03-06T03:37:50.154,2019-03-06T03:37:50.159,,03:37:50.154,03:37:50.154,1,550,395,-155,00:20:44,1243.685,1
pert-josh,M2@bmm,4565,433,8101,5,814,NULL,2517504,2517504,2517504,2517474,LIMIT,SELL,1,390,2019-03-06T03:37:52.110,2019-03-06T03:37:52.118,,03:37:52.110,03:37:52.110,1,550,390,-160,00:20:46,1245.641,-1
pert-josh,M7@bmm,4570,433,8101,5,814,NULL,2517507,2517507,2517507,2517494,LIMIT,BUY,1,395,2019-03-06T03:37:58.820,2019-03-06T03:37:58.829,,03:37:58.820,03:37:58.820,1,550,395,-155,00:20:52,1252.351,1
pert-josh,M7@bmm,4570,433,8101,5,814,NULL,2517509,2517509,2517509,2517511,LIMIT,BUY,1,395,2019-03-06T03:38:01.523,2019-03-06T03:38:02.854,,03:38:01.523,03:38:01.523,0,550,#N/A,#N/A,00:20:55,1255.054,1
pert-josh,M5@bmm,4568,433,8101,5,814,NULL,2517511,2517510,2517510,2517509,LIMIT,SELL,1,395,2019-03-06T03:38:02.848,2019-03-06T03:38:02.854,,03:38:02.848,03:38:02.848,1,550,395,-155,00:20:56,1256.379,-1
pert-josh,M7@bmm,4570,433,8101,5,814,NULL,2517512,2517512,2517512,2517514,LIMIT,BUY,1,395,2019-03-06T03:38:05.028,2019-03-06T03:38:05.418,,03:38:05.028,03:38:05.028,0,550,#N/A,#N/A,00:20:59,1258.559,1
pert-josh,M5@bmm,4568,433,8101,5,814,NULL,2517514,2517513,2517513,2517512,LIMIT,SELL,1,395,2019-03-06T03:38:05.413,2019-03-06T03:38:05.418,,03:38:05.413,03:38:05.413,1,550,395,-155,00:20:59,1258.944,-1
pert-josh,M5@bmm,4568,433,8101,5,814,NULL,2517521,2517521,2517521,2517523,LIMIT,BUY,1,395,2019-03-06T03:38:19.495,2019-03-06T03:38:20.908,,03:38:19.495,03:38:19.495,0,550,#N/A,#N/A,00:21:13,1273.026,1
pert-josh,M3@bmm,4566,433,8101,5,814,NULL,2517523,2517522,2517522,2517521,LIMIT,SELL,1,395,2019-03-06T03:38:20.900,2019-03-06T03:38:20.909,,03:38:20.900,03:38:20.900,1,550,395,-155,00:21:14,1274.431,-1
pert-josh,M3@bmm,4566,433,8101,5,814,NULL,2517524,2517522,2517522,2517526,LIMIT,SELL,1,395,2019-03-06T03:38:20.894,2019-03-06T03:38:20.932,,03:38:20.894,03:38:20.894,0,550,#N/A,#N/A,00:21:14,1274.425,-1
pert-josh,M7@bmm,4570,433,8101,5,814,NULL,2517526,2517525,2517525,2517524,LIMIT,BUY,1,395,2019-03-06T03:38:20.924,2019-03-06T03:38:20.932,,03:38:20.924,03:38:20.924,1,550,395,-155,00:21:14,1274.455,1
pert-josh,M7@bmm,4570,433,8101,5,814,NULL,2517527,2517527,2517527,2517483,LIMIT,BUY,1,400,2019-03-06T03:38:23.411,2019-03-06T03:38:23.419,,03:38:23.411,03:38:23.411,1,550,400,-150,00:21:17,1276.942,1
pert-josh,M7@bmm,4570,433,8101,5,814,NULL,2517528,2517528,2517528,2517531,LIMIT,BUY,1,400,2019-03-06T03:38:24.596,2019-03-06T03:38:25.958,,03:38:24.596,03:38:24.596,0,550,#N/A,#N/A,00:21:18,1278.127,1
pert-josh,M6@bmm,4569,433,8101,5,814,NULL,2517529,2517529,2517529,2517566,LIMIT,BUY,1,395,2019-03-06T03:38:25.151,2019-03-06T03:39:14.778,,03:38:25.151,03:38:25.151,0,550,#N/A,#N/A,00:21:19,1278.682,1
pert-josh,M8@bmm,4571,433,8101,5,814,NULL,2517531,2517530,2517530,2517528,LIMIT,SELL,1,400,2019-03-06T03:38:25.948,2019-03-06T03:38:25.959,,03:38:25.948,03:38:25.948,1,550,400,-150,00:21:19,1279.479,-1
pert-josh,M8@bmm,4571,433,8101,5,814,NULL,2517532,2517530,2517530,2517533,LIMIT,SELL,1,400,2019-03-06T03:38:25.939,2019-03-06T03:38:28.333,,03:38:25.939,03:38:25.939,0,550,#N/A,#N/A,00:21:19,1279.47,-1
pert-josh,M7@bmm,4570,433,8101,5,814,NULL,2517533,2517533,2517533,2517532,LIMIT,BUY,1,400,2019-03-06T03:38:28.324,2019-03-06T03:38:28.332,,03:38:28.324,03:38:28.324,1,550,400,-150,00:21:22,1281.855,1
pert-josh,M6@bmm,4569,433,8101,5,814,NULL,2517534,2517534,2517534,NULL,LIMIT,SELL,1,405,2019-03-06T03:38:29.705,2019-03-06T03:38:29.709,,03:38:29.705,03:38:29.705,0,550,#N/A,#N/A,00:21:23,1283.236,-1
pert-josh,M7@bmm,4570,433,8101,5,814,NULL,2517539,2517539,2517539,2517540,LIMIT,SELL,1,400,2019-03-06T03:38:36.820,2019-03-06T03:38:36.836,,03:38:36.820,03:38:36.820,0,550,#N/A,#N/A,00:21:30,1290.351,-1
pert-josh,M3@bmm,4566,433,8101,5,814,NULL,2517540,2517538,2517538,2517539,LIMIT,BUY,1,400,2019-03-06T03:38:36.828,2019-03-06T03:38:36.836,,03:38:36.828,03:38:36.828,1,550,400,-150,00:21:30,1290.359,1
pert-josh,M3@bmm,4566,433,8101,5,814,NULL,2517541,2517538,2517538,2517543,LIMIT,BUY,1,400,2019-03-06T03:38:36.228,2019-03-06T03:38:39.877,,03:38:36.228,03:38:36.228,0,550,#N/A,#N/A,00:21:30,1289.759,1
pert-josh,M7@bmm,4570,433,8101,5,814,NULL,2517543,2517543,2517543,2517541,LIMIT,SELL,1,400,2019-03-06T03:38:39.870,2019-03-06T03:38:39.877,,03:38:39.870,03:38:39.870,1,550,400,-150,00:21:33,1293.401,-1
pert-josh,M5@bmm,4568,433,8101,5,814,NULL,2517547,2517547,2517547,2517550,LIMIT,BUY,1,400,2019-03-06T03:38:47.729,2019-03-06T03:38:52.748,,03:38:47.729,03:38:47.729,0,550,#N/A,#N/A,00:21:41,1301.26,1
pert-josh,M7@bmm,4570,433,8101,5,814,NULL,2517550,2517550,2517550,2517547,LIMIT,SELL,1,400,2019-03-06T03:38:52.740,2019-03-06T03:38:52.747,,03:38:52.740,03:38:52.740,1,550,400,-150,00:21:46,1306.271,-1
pert-josh,M2@bmm,4565,433,8101,5,814,NULL,2517552,2517552,2517552,2517554,LIMIT,SELL,1,400,2019-03-06T03:38:53.312,2019-03-06T03:38:58.475,,03:38:53.312,03:38:53.312,0,550,#N/A,#N/A,00:21:47,1306.843,-1
pert-josh,M7@bmm,4570,433,8101,5,814,NULL,2517554,2517554,2517554,2517552,LIMIT,BUY,1,400,2019-03-06T03:38:58.468,2019-03-06T03:38:58.475,,03:38:58.468,03:38:58.468,1,550,400,-150,00:21:52,1311.999,1
pert-josh,M5@bmm,4568,433,8101,5,814,NULL,2517555,2517555,2517555,2517568,LIMIT,BUY,1,395,2019-03-06T03:39:01.577,2019-03-06T03:39:17.080,,03:39:01.577,03:39:01.577,0,550,#N/A,#N/A,00:21:55,1315.108,1
pert-josh,M7@bmm,4570,433,8101,5,814,NULL,2517556,2517556,2517556,2517557,LIMIT,BUY,1,400,2019-03-06T03:39:01.668,2019-03-06T03:39:01.684,,03:39:01.668,03:39:01.668,0,550,#N/A,#N/A,00:21:55,1315.199,1
pert-josh,M3@bmm,4566,433,8101,5,814,NULL,2517557,2517553,2517553,2517556,LIMIT,SELL,1,400,2019-03-06T03:39:01.678,2019-03-06T03:39:01.684,,03:39:01.678,03:39:01.678,1,550,400,-150,00:21:55,1315.209,-1
pert-josh,M3@bmm,4566,433,8101,5,814,NULL,2517558,2517553,2517553,2517565,LIMIT,SELL,1,400,2019-03-06T03:38:53.700,2019-03-06T03:39:12.915,,03:38:53.700,03:38:53.700,0,550,#N/A,#N/A,00:21:47,1307.231,-1
pert-josh,M7@bmm,4570,433,8101,5,814,NULL,2517565,2517565,2517565,2517558,LIMIT,BUY,1,400,2019-03-06T03:39:12.907,2019-03-06T03:39:12.915,,03:39:12.907,03:39:12.907,1,550,400,-150,00:22:06,1326.438,1
pert-josh,M4@bmm,4567,433,8101,5,814,NULL,2517566,2517566,2517566,2517529,LIMIT,SELL,1,395,2019-03-06T03:39:14.770,2019-03-06T03:39:14.778,,03:39:14.770,03:39:14.770,1,550,395,-155,00:22:08,1328.301,-1
pert-josh,M7@bmm,4570,433,8101,5,814,NULL,2517568,2517567,2517567,2517555,LIMIT,SELL,1,395,2019-03-06T03:39:17.075,2019-03-06T03:39:17.080,,03:39:17.075,03:39:17.075,1,550,395,-155,00:22:11,1330.606,-1
pert-josh,M7@bmm,4570,433,8101,5,814,NULL,2517570,2517569,2517569,2517571,LIMIT,SELL,1,395,2019-03-06T03:39:18.652,2019-03-06T03:39:18.665,,03:39:18.652,03:39:18.652,0,550,#N/A,#N/A,00:22:12,1332.183,-1
pert-josh,M3@bmm,4566,433,8101,5,814,NULL,2517571,2517559,2517559,2517570,LIMIT,BUY,1,395,2019-03-06T03:39:18.655,2019-03-06T03:39:18.665,,03:39:18.655,03:39:18.655,1,550,395,-155,00:22:12,1332.186,1
pert-josh,M3@bmm,4566,433,8101,5,814,NULL,2517572,2517559,2517559,2517574,LIMIT,BUY,1,395,2019-03-06T03:39:03.724,2019-03-06T03:39:19.439,,03:39:03.724,03:39:03.724,0,550,#N/A,#N/A,00:21:57,1317.255,1
pert-josh,M7@bmm,4570,433,8101,5,814,NULL,2517574,2517573,2517573,2517572,LIMIT,SELL,1,395,2019-03-06T03:39:19.434,2019-03-06T03:39:19.439,,03:39:19.434,03:39:19.434,1,550,395,-155,00:22:13,1332.965,-1
pert-josh,M7@bmm,4570,433,8101,5,814,NULL,2517576,2517576,2517576,2517577,LIMIT,SELL,1,390,2019-03-06T03:39:20.203,2019-03-06T03:39:20.218,,03:39:20.203,03:39:20.203,0,550,#N/A,#N/A,00:22:14,1333.734,-1
pert-josh,M3@bmm,4566,433,8101,5,814,NULL,2517577,2517516,2517516,2517576,LIMIT,BUY,1,390,2019-03-06T03:39:20.210,2019-03-06T03:39:20.218,,03:39:20.210,03:39:20.210,1,550,390,-160,00:22:14,1333.741,1
pert-josh,M3@bmm,4566,433,8101,5,814,NULL,2517578,2517516,2517516,2517580,LIMIT,BUY,1,390,2019-03-06T03:38:07.449,2019-03-06T03:39:21.387,,03:38:07.449,03:38:07.449,0,550,#N/A,#N/A,00:21:01,1260.98,1
pert-josh,M7@bmm,4570,433,8101,5,814,NULL,2517580,2517580,2517580,2517578,LIMIT,SELL,1,390,2019-03-06T03:39:21.379,2019-03-06T03:39:21.386,,03:39:21.379,03:39:21.379,1,550,390,-160,00:22:15,1334.91,-1
pert-josh,M7@bmm,4570,433,8101,5,814,NULL,2517581,2517581,2517581,2517582,LIMIT,SELL,1,390,2019-03-06T03:39:22.174,2019-03-06T03:39:22.189,,03:39:22.174,03:39:22.174,0,550,#N/A,#N/A,00:22:16,1335.705,-1
pert-josh,M8@bmm,4571,433,8101,5,814,NULL,2517582,2517579,2517579,2517581,LIMIT,BUY,1,390,2019-03-06T03:39:22.181,2019-03-06T03:39:22.189,,03:39:22.181,03:39:22.181,1,550,390,-160,00:22:16,1335.712,1
pert-josh,M8@bmm,4571,433,8101,5,814,NULL,2517583,2517579,2517579,2517584,LIMIT,BUY,1,390,2019-03-06T03:39:21.324,2019-03-06T03:39:23.622,,03:39:21.324,03:39:21.324,0,550,#N/A,#N/A,00:22:15,1334.855,1
pert-josh,M7@bmm,4570,433,8101,5,814,NULL,2517584,2517584,2517584,2517583,LIMIT,SELL,1,390,2019-03-06T03:39:23.612,2019-03-06T03:39:23.621,,03:39:23.612,03:39:23.612,1,550,390,-160,00:22:17,1337.143,-1
pert-josh,M7@bmm,4570,433,8101,5,814,NULL,2517585,2517585,2517585,2517587,LIMIT,SELL,1,390,2019-03-06T03:39:24.213,2019-03-06T03:39:25.562,,03:39:24.213,03:39:24.213,0,550,#N/A,#N/A,00:22:18,1337.744,-1
pert-josh,M2@bmm,4565,433,8101,5,814,NULL,2517587,2517586,2517586,2517585,LIMIT,BUY,1,390,2019-03-06T03:39:25.557,2019-03-06T03:39:25.562,,03:39:25.557,03:39:25.557,1,550,390,-160,00:22:19,1339.088,1
pert-josh,M6@bmm,4569,433,8101,5,814,NULL,2517592,2517592,2517592,2517602,LIMIT,BUY,1,395,2019-03-06T03:39:34.778,2019-03-06T03:39:51.431,,03:39:34.778,03:39:34.778,0,550,#N/A,#N/A,00:22:28,1348.309,1
pert-josh,M2@bmm,4565,433,8101,5,814,NULL,2517593,2517593,2517593,NULL,LIMIT,BUY,1,345,2019-03-06T03:39:35.816,2019-03-06T03:39:35.820,,03:39:35.816,03:39:35.816,0,550,#N/A,#N/A,00:22:29,1349.347,1
pert-josh,M5@bmm,4568,433,8101,5,814,NULL,2517595,2517595,2517595,2517603,LIMIT,BUY,1,395,2019-03-06T03:39:40.279,2019-03-06T03:39:51.431,,03:39:40.279,03:39:40.279,0,550,#N/A,#N/A,00:22:34,1353.81,1
pert-josh,M7@bmm,4570,433,8101,5,814,NULL,2517597,2517597,2517597,2517598,LIMIT,BUY,1,400,2019-03-06T03:39:42.724,2019-03-06T03:39:42.741,,03:39:42.724,03:39:42.724,0,550,#N/A,#N/A,00:22:36,1356.255,1
pert-josh,M3@bmm,4566,433,8101,5,814,NULL,2517598,2517596,2517596,2517597,LIMIT,SELL,1,400,2019-03-06T03:39:42.734,2019-03-06T03:39:42.741,,03:39:42.734,03:39:42.734,1,550,400,-150,00:22:36,1356.265,-1
pert-josh,M3@bmm,4566,433,8101,5,814,NULL,2517599,2517596,2517596,2517604,LIMIT,SELL,1,400,2019-03-06T03:39:41.189,2019-03-06T03:39:52.213,,03:39:41.189,03:39:41.189,0,550,#N/A,#N/A,00:22:35,1354.72,-1
pert-josh,M8@bmm,4571,433,8101,5,814,NULL,2517600,2517600,2517600,NULL,LIMIT,BUY,2,395,2019-03-06T03:39:51.273,2019-03-06T03:39:51.277,,03:39:51.273,03:39:51.273,0,550,#N/A,#N/A,00:22:45,1364.804,1
pert-josh,M3@bmm,4566,433,8101,5,814,NULL,2517602,2517601,2517601,2517592,LIMIT,SELL,1,395,2019-03-06T03:39:51.420,2019-03-06T03:39:51.431,,03:39:51.420,03:39:51.420,1,550,395,-155,00:22:45,1364.951,-1
pert-josh,M3@bmm,4566,433,8101,5,814,NULL,2517603,2517601,2517601,2517595,LIMIT,SELL,1,395,2019-03-06T03:39:51.426,2019-03-06T03:39:51.431,,03:39:51.426,03:39:51.426,1,550,395,-155,00:22:45,1364.957,-1
pert-josh,M7@bmm,4570,433,8101,5,814,NULL,2517604,2517604,2517604,2517599,LIMIT,BUY,1,400,2019-03-06T03:39:52.205,2019-03-06T03:39:52.213,,03:39:52.205,03:39:52.205,1,550,400,-150,00:22:46,1365.736,1
pert-josh,M5@bmm,4568,433,8101,5,814,NULL,2517605,2517605,2517605,NULL,LIMIT,SELL,1,400,2019-03-06T03:39:52.728,2019-03-06T03:39:52.732,,03:39:52.728,03:39:52.728,0,550,#N/A,#N/A,00:22:46,1366.259,-1
pert-josh,M5@bmm,4568,433,8102,6,814,NULL,2517610,2517610,2517610,2517627,LIMIT,BUY,1,350,2019-03-06T03:40:39.788,2019-03-06T03:40:58.422,,03:40:39.788,03:40:39.788,0,500,#N/A,#N/A,00:23:33,1413.319,1
pert-josh,M3@bmm,4566,433,8102,6,814,NULL,2517613,2517613,2517613,NULL,LIMIT,SELL,2,405,2019-03-06T03:40:42.044,2019-03-06T03:40:42.048,,03:40:42.044,03:40:42.044,0,500,#N/A,#N/A,00:23:36,1415.575,-1
pert-josh,M8@bmm,4571,433,8102,6,814,NULL,2517616,2517616,2517616,NULL,LIMIT,SELL,1,670,2019-03-06T03:40:47.721,2019-03-06T03:40:47.725,,03:40:47.721,03:40:47.721,0,500,#N/A,#N/A,00:23:41,1421.252,-1
pert-josh,M5@bmm,4568,433,8102,6,814,NULL,2517617,2517617,2517617,2517641,LIMIT,SELL,1,400,2019-03-06T03:40:49.521,2019-03-06T03:41:15.264,,03:40:49.521,03:40:49.521,0,500,#N/A,#N/A,00:23:43,1423.052,-1
pert-josh,M6@bmm,4569,433,8102,6,814,NULL,2517618,2517618,2517618,2517623,LIMIT,SELL,1,395,2019-03-06T03:40:52,2019-03-06T03:40:55.209,,03:40:52,03:40:52,0,500,#N/A,#N/A,00:23:46,1425.531,-1
pert-josh,M6@bmm,4569,433,8102,6,814,NULL,2517619,2517619,2517619,2517622,LIMIT,SELL,1,390,2019-03-06T03:40:53.984,2019-03-06T03:40:55.209,,03:40:53.984,03:40:53.984,0,500,#N/A,#N/A,00:23:48,1427.515,-1
pert-josh,M5@bmm,4568,433,8102,6,814,NULL,2517620,2517620,2517620,2517628,LIMIT,BUY,1,340,2019-03-06T03:40:54.872,2019-03-06T03:40:58.422,,03:40:54.872,03:40:54.872,0,500,#N/A,#N/A,00:23:48,1428.403,1
pert-josh,M3@bmm,4566,433,8102,6,814,NULL,2517622,2517621,2517621,2517619,LIMIT,BUY,1,390,2019-03-06T03:40:55.197,2019-03-06T03:40:55.209,,03:40:55.197,03:40:55.197,1,500,390,-110,00:23:49,1428.728,1
pert-josh,M3@bmm,4566,433,8102,6,814,NULL,2517623,2517621,2517621,2517618,LIMIT,BUY,1,395,2019-03-06T03:40:55.204,2019-03-06T03:40:55.209,,03:40:55.204,03:40:55.204,1,500,395,-105,00:23:49,1428.735,1
pert-josh,M6@bmm,4569,433,8102,6,814,NULL,2517624,2517624,2517624,2517637,LIMIT,SELL,1,395,2019-03-06T03:40:55.248,2019-03-06T03:41:11.148,,03:40:55.248,03:40:55.248,0,500,#N/A,#N/A,00:23:49,1428.779,-1
pert-josh,M2@bmm,4565,433,8102,6,814,NULL,2517625,2517625,2517625,2517640,LIMIT,SELL,1,395,2019-03-06T03:40:55.423,2019-03-06T03:41:15.263,,03:40:55.423,03:40:55.423,0,500,#N/A,#N/A,00:23:49,1428.954,-1
pert-josh,M7@bmm,4570,433,8102,6,814,NULL,2517627,2517626,2517626,2517610,LIMIT,SELL,1,350,2019-03-06T03:40:58.413,2019-03-06T03:40:58.422,,03:40:58.413,03:40:58.413,1,500,350,-150,00:23:52,1431.944,-1
pert-josh,M7@bmm,4570,433,8102,6,814,NULL,2517628,2517626,2517626,2517620,LIMIT,SELL,1,340,2019-03-06T03:40:58.417,2019-03-06T03:40:58.423,,03:40:58.417,03:40:58.417,1,500,340,-160,00:23:52,1431.948,-1
pert-josh,M6@bmm,4569,433,8102,6,814,NULL,2517631,2517631,2517631,2517633,LIMIT,BUY,1,390,2019-03-06T03:41:06.729,2019-03-06T03:41:07.966,,03:41:06.729,03:41:06.729,0,500,#N/A,#N/A,00:24:00,1440.26,1
pert-josh,M3@bmm,4566,433,8102,6,814,NULL,2517633,2517632,2517632,2517631,LIMIT,SELL,1,390,2019-03-06T03:41:07.958,2019-03-06T03:41:07.967,,03:41:07.958,03:41:07.958,1,500,390,-110,00:24:01,1441.489,-1
pert-josh,M3@bmm,4566,433,8102,6,814,NULL,2517634,2517632,2517632,2517636,LIMIT,SELL,1,390,2019-03-06T03:41:07.951,2019-03-06T03:41:11.148,,03:41:07.951,03:41:07.951,0,500,#N/A,#N/A,00:24:01,1441.482,-1
pert-josh,M7@bmm,4570,433,8102,6,814,NULL,2517636,2517635,2517635,2517634,LIMIT,BUY,1,390,2019-03-06T03:41:11.139,2019-03-06T03:41:11.148,,03:41:11.139,03:41:11.139,1,500,390,-110,00:24:05,1444.67,1
pert-josh,M7@bmm,4570,433,8102,6,814,NULL,2517637,2517635,2517635,2517624,LIMIT,BUY,1,395,2019-03-06T03:41:11.143,2019-03-06T03:41:11.148,,03:41:11.143,03:41:11.143,1,500,395,-105,00:24:05,1444.674,1
pert-josh,M7@bmm,4570,433,8102,6,814,NULL,2517640,2517639,2517639,2517625,LIMIT,BUY,1,395,2019-03-06T03:41:15.254,2019-03-06T03:41:15.263,,03:41:15.254,03:41:15.254,1,500,395,-105,00:24:09,1448.785,1
pert-josh,M7@bmm,4570,433,8102,6,814,NULL,2517641,2517639,2517639,2517617,LIMIT,BUY,1,400,2019-03-06T03:41:15.259,2019-03-06T03:41:15.264,,03:41:15.259,03:41:15.259,1,500,400,-100,00:24:09,1448.79,1
pert-josh,M6@bmm,4569,433,8102,6,814,NULL,2517642,2517642,2517642,2517645,LIMIT,SELL,1,400,2019-03-06T03:41:16.447,2019-03-06T03:41:19.189,,03:41:16.447,03:41:16.447,0,500,#N/A,#N/A,00:24:10,1449.978,-1
pert-josh,M7@bmm,4570,433,8102,6,814,NULL,2517645,2517644,2517644,2517642,LIMIT,BUY,1,400,2019-03-06T03:41:19.181,2019-03-06T03:41:19.189,,03:41:19.181,03:41:19.181,1,500,400,-100,00:24:13,1452.712,1
pert-josh,M5@bmm,4568,433,8102,6,814,NULL,2517649,2517649,2517649,2517661,LIMIT,SELL,1,400,2019-03-06T03:41:21.954,2019-03-06T03:41:46.985,,03:41:21.954,03:41:21.954,0,500,#N/A,#N/A,00:24:15,1455.485,-1
pert-josh,M2@bmm,4565,433,8102,6,814,NULL,2517652,2517652,2517652,NULL,LIMIT,SELL,1,435,2019-03-06T03:41:31.035,2019-03-06T03:41:31.038,,03:41:31.035,03:41:31.035,0,500,#N/A,#N/A,00:24:25,1464.566,-1
pert-josh,M5@bmm,4568,433,8102,6,814,NULL,2517655,2517655,2517655,2517679,LIMIT,BUY,1,390,2019-03-06T03:41:37.369,2019-03-06T03:42:10.029,,03:41:37.369,03:41:37.369,0,500,#N/A,#N/A,00:24:31,1470.9,1
pert-josh,M7@bmm,4570,433,8102,6,814,NULL,2517661,2517660,2517660,2517649,LIMIT,BUY,1,400,2019-03-06T03:41:46.977,2019-03-06T03:41:46.985,,03:41:46.977,03:41:46.977,1,500,400,-100,00:24:41,1480.508,1
pert-josh,M3@bmm,4566,433,8102,6,814,NULL,2517663,2517663,2517663,2517670,LIMIT,BUY,2,395,2019-03-06T03:41:48.072,2019-03-06T03:42:00.138,,03:41:48.072,03:41:48.072,0,500,#N/A,#N/A,00:24:42,1481.603,1
pert-josh,M4@bmm,4567,433,8102,6,814,NULL,2517670,2517670,2517670,2517663,LIMIT,SELL,2,395,2019-03-06T03:42:00.130,2019-03-06T03:42:00.138,,03:42:00.130,03:42:00.130,1,500,395,-105,00:24:54,1493.661,-1
pert-josh,M2@bmm,4565,433,8102,6,814,NULL,2517672,2517672,2517672,2517676,LIMIT,BUY,1,395,2019-03-06T03:42:00.960,2019-03-06T03:42:04.379,,03:42:00.960,03:42:00.960,0,500,#N/A,#N/A,00:24:54,1494.491,1
pert-josh,M7@bmm,4570,433,8102,6,814,NULL,2517676,2517675,2517675,2517672,LIMIT,SELL,1,395,2019-03-06T03:42:04.373,2019-03-06T03:42:04.379,,03:42:04.373,03:42:04.373,1,500,395,-105,00:24:58,1497.904,-1
pert-josh,M7@bmm,4570,433,8102,6,814,NULL,2517679,2517679,2517679,2517655,LIMIT,SELL,1,390,2019-03-06T03:42:10.021,2019-03-06T03:42:10.029,,03:42:10.021,03:42:10.021,1,500,390,-110,00:25:04,1503.552,-1
pert-josh,M1@bmm,4564,433,8102,6,814,NULL,2517683,2517683,2517683,NULL,LIMIT,SELL,6,565,2019-03-06T03:42:17.766,2019-03-06T03:42:17.770,,03:42:17.766,03:42:17.766,0,500,#N/A,#N/A,00:25:11,1511.297,-1
pert-josh,M5@bmm,4568,433,8102,6,814,NULL,2517684,2517684,2517684,2517690,LIMIT,BUY,1,390,2019-03-06T03:42:18.448,2019-03-06T03:42:24.349,,03:42:18.448,03:42:18.448,0,500,#N/A,#N/A,00:25:12,1511.979,1
pert-josh,M7@bmm,4570,433,8102,6,814,NULL,2517685,2517685,2517685,2517686,LIMIT,SELL,1,390,2019-03-06T03:42:18.621,2019-03-06T03:42:18.635,,03:42:18.621,03:42:18.621,0,500,#N/A,#N/A,00:25:12,1512.152,-1
pert-josh,M3@bmm,4566,433,8102,6,814,NULL,2517686,2517682,2517682,2517685,LIMIT,BUY,1,390,2019-03-06T03:42:18.628,2019-03-06T03:42:18.636,,03:42:18.628,03:42:18.628,1,500,390,-110,00:25:12,1512.159,1
pert-josh,M3@bmm,4566,433,8102,6,814,NULL,2517687,2517682,2517682,2517688,LIMIT,BUY,1,390,2019-03-06T03:42:15.212,2019-03-06T03:42:20.733,,03:42:15.212,03:42:15.212,0,500,#N/A,#N/A,00:25:09,1508.743,1
pert-josh,M7@bmm,4570,433,8102,6,814,NULL,2517688,2517688,2517688,2517687,LIMIT,SELL,1,390,2019-03-06T03:42:20.726,2019-03-06T03:42:20.733,,03:42:20.726,03:42:20.726,1,500,390,-110,00:25:14,1514.257,-1
pert-josh,M7@bmm,4570,433,8102,6,814,NULL,2517690,2517689,2517689,2517684,LIMIT,SELL,1,390,2019-03-06T03:42:24.342,2019-03-06T03:42:24.349,,03:42:24.342,03:42:24.342,1,500,390,-110,00:25:18,1517.873,-1
pert-josh,M7@bmm,4570,433,8102,6,814,NULL,2517691,2517689,2517689,2517693,LIMIT,SELL,1,390,2019-03-06T03:42:24.335,2019-03-06T03:42:27.335,,03:42:24.335,03:42:24.335,0,500,#N/A,#N/A,00:25:18,1517.866,-1
pert-josh,M8@bmm,4571,433,8102,6,814,NULL,2517692,2517692,2517692,NULL,LIMIT,SELL,1,410,2019-03-06T03:42:25.801,2019-03-06T03:42:25.804,,03:42:25.801,03:42:25.801,0,500,#N/A,#N/A,00:25:19,1519.332,-1
pert-josh,M2@bmm,4565,433,8102,6,814,NULL,2517693,2517693,2517693,2517691,LIMIT,BUY,1,390,2019-03-06T03:42:27.328,2019-03-06T03:42:27.335,,03:42:27.328,03:42:27.328,1,500,390,-110,00:25:21,1520.859,1
pert-josh,M2@bmm,4565,433,8102,6,814,NULL,2517698,2517698,2517698,NULL,LIMIT,SELL,1,400,2019-03-06T03:42:37.335,2019-03-06T03:42:37.339,,03:42:37.335,03:42:37.335,0,500,#N/A,#N/A,00:25:31,1530.866,-1
pert-josh,M3@bmm,4566,433,8102,6,814,NULL,2517699,2517699,2517699,NULL,LIMIT,SELL,2,400,2019-03-06T03:42:37.798,2019-03-06T03:42:37.801,,03:42:37.798,03:42:37.798,0,500,#N/A,#N/A,00:25:31,1531.329,-1
pert-josh,M5@bmm,4568,433,8102,6,814,NULL,2517702,2517702,2517702,2517705,LIMIT,SELL,1,395,2019-03-06T03:42:39.440,2019-03-06T03:42:41.124,,03:42:39.440,03:42:39.440,0,500,#N/A,#N/A,00:25:33,1532.971,-1
pert-josh,M3@bmm,4566,433,8102,6,814,NULL,2517703,2517703,2517703,2517706,LIMIT,SELL,2,395,2019-03-06T03:42:40.093,2019-03-06T03:42:41.125,,03:42:40.093,03:42:40.093,0,500,#N/A,#N/A,00:25:34,1533.624,-1
pert-josh,M7@bmm,4570,433,8102,6,814,NULL,2517705,2517704,2517704,2517702,LIMIT,BUY,1,395,2019-03-06T03:42:41.110,2019-03-06T03:42:41.124,,03:42:41.110,03:42:41.110,1,500,395,-105,00:25:35,1534.641,1
pert-josh,M7@bmm,4570,433,8102,6,814,NULL,2517706,2517704,2517704,2517703,LIMIT,BUY,2,395,2019-03-06T03:42:41.115,2019-03-06T03:42:41.125,,03:42:41.115,03:42:41.115,1,500,395,-105,00:25:35,1534.646,1
pert-josh,M8@bmm,4571,433,8102,6,814,NULL,2517712,2517712,2517712,2517739,LIMIT,SELL,1,395,2019-03-06T03:42:50.044,2019-03-06T03:43:12.333,,03:42:50.044,03:42:50.044,0,500,#N/A,#N/A,00:25:44,1543.575,-1
pert-josh,M5@bmm,4568,433,8102,6,814,NULL,2517714,2517714,2517714,2517740,LIMIT,SELL,1,395,2019-03-06T03:42:50.977,2019-03-06T03:43:12.334,,03:42:50.977,03:42:50.977,0,500,#N/A,#N/A,00:25:45,1544.508,-1
pert-josh,M6@bmm,4569,433,8102,6,814,NULL,2517718,2517718,2517718,2517719,LIMIT,SELL,1,390,2019-03-06T03:42:54.312,2019-03-06T03:42:54.326,,03:42:54.312,03:42:54.312,0,500,#N/A,#N/A,00:25:48,1547.843,-1
pert-josh,M3@bmm,4566,433,8102,6,814,NULL,2517719,2517694,2517694,2517718,LIMIT,BUY,1,390,2019-03-06T03:42:54.318,2019-03-06T03:42:54.327,,03:42:54.318,03:42:54.318,1,500,390,-110,00:25:48,1547.849,1
pert-josh,M3@bmm,4566,433,8102,6,814,NULL,2517720,2517694,2517694,2517722,LIMIT,BUY,1,390,2019-03-06T03:42:30.839,2019-03-06T03:42:56.342,,03:42:30.839,03:42:30.839,0,500,#N/A,#N/A,00:25:24,1524.37,1
pert-josh,M7@bmm,4570,433,8102,6,814,NULL,2517722,2517721,2517721,2517720,LIMIT,SELL,1,390,2019-03-06T03:42:56.334,2019-03-06T03:42:56.342,,03:42:56.334,03:42:56.334,1,500,390,-110,00:25:50,1549.865,-1
pert-josh,M6@bmm,4569,433,8102,6,814,NULL,2517724,2517724,2517724,2517729,LIMIT,SELL,1,390,2019-03-06T03:42:57.064,2019-03-06T03:43:02.572,,03:42:57.064,03:42:57.064,0,500,#N/A,#N/A,00:25:51,1550.595,-1
pert-josh,M3@bmm,4566,433,8102,6,814,NULL,2517729,2517728,2517728,2517724,LIMIT,BUY,1,390,2019-03-06T03:43:02.563,2019-03-06T03:43:02.572,,03:43:02.563,03:43:02.563,1,500,390,-110,00:25:56,1556.094,1
pert-josh,M3@bmm,4566,433,8102,6,814,NULL,2517730,2517728,2517728,2517733,LIMIT,BUY,1,390,2019-03-06T03:43:02.556,2019-03-06T03:43:07.863,,03:43:02.556,03:43:02.556,0,500,#N/A,#N/A,00:25:56,1556.087,1
pert-josh,M5@bmm,4568,433,8102,6,814,NULL,2517731,2517731,2517731,NULL,LIMIT,BUY,1,355,2019-03-06T03:43:05.890,2019-03-06T03:43:05.895,,03:43:05.890,03:43:05.890,0,500,#N/A,#N/A,00:25:59,1559.421,1
pert-josh,M7@bmm,4570,433,8102,6,814,NULL,2517733,2517732,2517732,2517730,LIMIT,SELL,1,390,2019-03-06T03:43:07.846,2019-03-06T03:43:07.863,,03:43:07.846,03:43:07.846,1,500,390,-110,00:26:01,1561.377,-1
pert-josh,M7@bmm,4570,433,8102,6,814,NULL,2517734,2517732,2517732,2517735,LIMIT,SELL,1,385,2019-03-06T03:43:07.851,2019-03-06T03:43:07.863,,03:43:07.851,03:43:07.851,0,500,#N/A,#N/A,00:26:01,1561.382,-1
pert-josh,M3@bmm,4566,433,8102,6,814,NULL,2517735,2517638,2517638,2517734,LIMIT,BUY,1,385,2019-03-06T03:43:07.854,2019-03-06T03:43:07.863,,03:43:07.854,03:43:07.854,1,500,385,-115,00:26:01,1561.385,1
pert-josh,M3@bmm,4566,433,8102,6,814,NULL,2517736,2517638,2517638,NULL,LIMIT,BUY,1,385,2019-03-06T03:41:13.070,2019-03-06T03:43:07.863,,03:41:13.070,03:41:13.070,0,500,#N/A,#N/A,00:24:07,1446.601,1
pert-josh,M2@bmm,4565,433,8102,6,814,NULL,2517737,2517737,2517737,NULL,LIMIT,BUY,1,380,2019-03-06T03:43:09.256,2019-03-06T03:43:09.260,,03:43:09.256,03:43:09.256,0,500,#N/A,#N/A,00:26:03,1562.787,1
pert-josh,M3@bmm,4566,433,8102,6,814,NULL,2517739,2517738,2517738,2517712,LIMIT,BUY,1,395,2019-03-06T03:43:12.325,2019-03-06T03:43:12.333,,03:43:12.325,03:43:12.325,1,500,395,-105,00:26:06,1565.856,1
pert-josh,M3@bmm,4566,433,8102,6,814,NULL,2517740,2517738,2517738,2517714,LIMIT,BUY,1,395,2019-03-06T03:43:12.329,2019-03-06T03:43:12.334,,03:43:12.329,03:43:12.329,1,500,395,-105,00:26:06,1565.86,1
pert-josh,M2@bmm,4565,433,8102,6,814,NULL,2517744,2517744,2517744,2517749,LIMIT,SELL,1,395,2019-03-06T03:43:22.994,2019-03-06T03:43:29.718,,03:43:22.994,03:43:22.994,0,500,#N/A,#N/A,00:26:17,1576.525,-1
pert-josh,M7@bmm,4570,433,8102,6,814,NULL,2517749,2517748,2517748,2517744,LIMIT,BUY,1,395,2019-03-06T03:43:29.710,2019-03-06T03:43:29.718,,03:43:29.710,03:43:29.710,1,500,395,-105,00:26:23,1583.241,1
pert-josh,M7@bmm,4570,433,8102,6,814,NULL,2517750,2517748,2517748,2517752,LIMIT,BUY,1,395,2019-03-06T03:43:29.703,2019-03-06T03:43:32.359,,03:43:29.703,03:43:29.703,0,500,#N/A,#N/A,00:26:23,1583.234,1
pert-josh,M3@bmm,4566,433,8102,6,814,NULL,2517752,2517751,2517751,2517750,LIMIT,SELL,1,395,2019-03-06T03:43:32.351,2019-03-06T03:43:32.359,,03:43:32.351,03:43:32.351,1,500,395,-105,00:26:26,1585.882,-1
pert-josh,M3@bmm,4566,433,8102,6,814,NULL,2517753,2517751,2517751,2517754,LIMIT,SELL,1,395,2019-03-06T03:43:32.343,2019-03-06T03:43:32.473,,03:43:32.343,03:43:32.343,0,500,#N/A,#N/A,00:26:26,1585.874,-1
pert-josh,M5@bmm,4568,433,8102,6,814,NULL,2517754,2517754,2517754,2517753,LIMIT,BUY,1,395,2019-03-06T03:43:32.464,2019-03-06T03:43:32.473,,03:43:32.464,03:43:32.464,1,500,395,-105,00:26:26,1585.995,1
pert-josh,M2@bmm,4565,433,8103,7,814,NULL,2517760,2517759,2517759,2517761,LIMIT,BUY,1,390,2019-03-06T03:44:17.359,2019-03-06T03:44:17.373,,03:44:17.359,03:44:17.359,0,450,#N/A,#N/A,00:27:11,1630.89,1
pert-josh,M3@bmm,4566,433,8103,7,814,NULL,2517761,2517757,2517757,2517760,LIMIT,SELL,1,390,2019-03-06T03:44:17.362,2019-03-06T03:44:17.373,,03:44:17.362,03:44:17.362,1,450,390,-60,00:27:11,1630.893,-1
pert-josh,M3@bmm,4566,433,8103,7,814,NULL,2517762,2517757,2517757,2517774,LIMIT,SELL,1,390,2019-03-06T03:44:16.365,2019-03-06T03:44:27.336,,03:44:16.365,03:44:16.365,0,450,#N/A,#N/A,00:27:10,1629.896,-1
pert-josh,M7@bmm,4570,433,8103,7,814,NULL,2517769,2517769,2517769,2517771,LIMIT,BUY,1,355,2019-03-06T03:44:24.479,2019-03-06T03:44:26.350,,03:44:24.479,03:44:24.479,0,450,#N/A,#N/A,00:27:18,1638.01,1
pert-josh,M6@bmm,4569,433,8103,7,814,NULL,2517771,2517770,2517770,2517769,LIMIT,SELL,1,355,2019-03-06T03:44:26.345,2019-03-06T03:44:26.350,,03:44:26.345,03:44:26.345,1,450,355,-95,00:27:20,1639.876,-1
pert-josh,M7@bmm,4570,433,8103,7,814,NULL,2517774,2517773,2517773,2517762,LIMIT,BUY,1,390,2019-03-06T03:44:27.327,2019-03-06T03:44:27.336,,03:44:27.327,03:44:27.327,1,450,390,-60,00:27:21,1640.858,1
pert-josh,M7@bmm,4570,433,8103,7,814,NULL,2517776,2517775,2517775,2517777,LIMIT,BUY,1,395,2019-03-06T03:44:27.871,2019-03-06T03:44:27.884,,03:44:27.871,03:44:27.871,0,450,#N/A,#N/A,00:27:21,1641.402,1
pert-josh,M3@bmm,4566,433,8103,7,814,NULL,2517777,2517768,2517768,2517776,LIMIT,SELL,1,395,2019-03-06T03:44:27.874,2019-03-06T03:44:27.885,,03:44:27.874,03:44:27.874,1,450,395,-55,00:27:21,1641.405,-1
pert-josh,M3@bmm,4566,433,8103,7,814,NULL,2517778,2517768,2517768,2517782,LIMIT,SELL,1,395,2019-03-06T03:44:23.496,2019-03-06T03:44:34.076,,03:44:23.496,03:44:23.496,0,450,#N/A,#N/A,00:27:17,1637.027,-1
pert-josh,M3@bmm,4566,433,8103,7,814,NULL,2517779,2517779,2517779,2517831,LIMIT,BUY,2,385,2019-03-06T03:44:28.052,2019-03-06T03:44:45.127,,03:44:28.052,03:44:28.052,0,450,#N/A,#N/A,00:27:22,1641.583,1
pert-josh,M3@bmm,4566,433,8103,7,814,NULL,2517780,2517780,2517780,2517874,LIMIT,BUY,2,380,2019-03-06T03:44:30.863,2019-03-06T03:44:52.934,,03:44:30.863,03:44:30.863,0,450,#N/A,#N/A,00:27:24,1644.394,1
pert-josh,M7@bmm,4570,433,8103,7,814,NULL,2517782,2517781,2517781,2517778,LIMIT,BUY,1,395,2019-03-06T03:44:34.068,2019-03-06T03:44:34.076,,03:44:34.068,03:44:34.068,1,450,395,-55,00:27:28,1647.599,1
pert-josh,M7@bmm,4570,433,8103,7,814,NULL,2517783,2517783,2517783,2517785,LIMIT,BUY,1,415,2019-03-06T03:44:35.816,2019-03-06T03:44:35.919,,03:44:35.816,03:44:35.816,0,450,#N/A,#N/A,00:27:29,1649.347,1
pert-josh,M3@bmm,4566,433,8103,7,814,NULL,2517785,2517784,2517784,2517783,LIMIT,SELL,1,415,2019-03-06T03:44:35.889,2019-03-06T03:44:35.922,,03:44:35.889,03:44:35.889,1,450,415,-35,00:27:29,1649.42,-1
pert-josh,M3@bmm,4566,433,8103,7,814,NULL,2517786,2517784,2517784,2517928,LIMIT,SELL,1,400,2019-03-06T03:44:35.871,2019-03-06T03:45:15.369,,03:44:35.871,03:44:35.871,0,450,#N/A,#N/A,00:27:29,1649.402,-1
pert-josh,M1@bmm,4564,433,8103,7,814,NULL,2517795,2517795,2517795,NULL,LIMIT,SELL,2,585,2019-03-06T03:44:38.953,2019-03-06T03:44:38.956,,03:44:38.953,03:44:38.953,0,450,#N/A,#N/A,00:27:32,1652.484,-1
pert-josh,M6@bmm,4569,433,8103,7,814,NULL,2517812,2517812,2517812,2517925,LIMIT,SELL,1,395,2019-03-06T03:44:41.694,2019-03-06T03:45:11.445,,03:44:41.694,03:44:41.694,0,450,#N/A,#N/A,00:27:35,1655.225,-1
pert-josh,M6@bmm,4569,433,8103,7,814,NULL,2517829,2517829,2517829,2517927,LIMIT,SELL,1,395,2019-03-06T03:44:45.056,2019-03-06T03:45:14.078,,03:44:45.056,03:44:45.056,0,450,#N/A,#N/A,00:27:39,1658.587,-1
pert-josh,M7@bmm,4570,433,8103,7,814,NULL,2517831,2517830,2517830,2517779,LIMIT,SELL,2,385,2019-03-06T03:44:45.119,2019-03-06T03:44:45.127,,03:44:45.119,03:44:45.119,1,450,385,-65,00:27:39,1658.65,-1
pert-josh,M7@bmm,4570,433,8103,7,814,NULL,2517874,2517873,2517873,2517780,LIMIT,SELL,2,380,2019-03-06T03:44:52.926,2019-03-06T03:44:52.934,,03:44:52.926,03:44:52.926,1,450,380,-70,00:27:46,1666.457,-1
pert-josh,M6@bmm,4569,433,8103,7,814,NULL,2517906,2517906,2517906,2517937,LIMIT,BUY,1,390,2019-03-06T03:45:01.023,2019-03-06T03:45:23.567,,03:45:01.023,03:45:01.023,0,450,#N/A,#N/A,00:27:55,1674.554,1
pert-josh,M1@bmm,4564,433,8103,7,814,NULL,2517909,2517909,2517909,NULL,LIMIT,SELL,2,585,2019-03-06T03:45:01.814,2019-03-06T03:45:01.818,,03:45:01.814,03:45:01.814,0,450,#N/A,#N/A,00:27:55,1675.345,-1
pert-josh,M1@bmm,4564,433,8103,7,814,NULL,2517912,2517912,2517912,NULL,LIMIT,SELL,2,585,2019-03-06T03:45:03.046,2019-03-06T03:45:03.050,,03:45:03.046,03:45:03.046,0,450,#N/A,#N/A,00:27:57,1676.577,-1
pert-josh,M6@bmm,4569,433,8103,7,814,NULL,2517923,2517923,2517923,NULL,LIMIT,SELL,1,400,2019-03-06T03:45:09.231,2019-03-06T03:45:09.235,,03:45:09.231,03:45:09.231,0,450,#N/A,#N/A,00:28:03,1682.762,-1
pert-josh,M7@bmm,4570,433,8103,7,814,NULL,2517925,2517924,2517924,2517812,LIMIT,BUY,1,395,2019-03-06T03:45:11.441,2019-03-06T03:45:11.445,,03:45:11.441,03:45:11.441,1,450,395,-55,00:28:05,1684.972,1
pert-josh,M7@bmm,4570,433,8103,7,814,NULL,2517927,2517926,2517926,2517829,LIMIT,BUY,1,395,2019-03-06T03:45:14.074,2019-03-06T03:45:14.079,,03:45:14.074,03:45:14.074,1,450,395,-55,00:28:08,1687.605,1
pert-josh,M7@bmm,4570,433,8103,7,814,NULL,2517928,2517928,2517928,2517786,LIMIT,BUY,1,400,2019-03-06T03:45:15.361,2019-03-06T03:45:15.369,,03:45:15.361,03:45:15.361,1,450,400,-50,00:28:09,1688.892,1
pert-josh,M5@bmm,4568,433,8103,7,814,NULL,2517929,2517929,2517929,2517947,LIMIT,BUY,1,385,2019-03-06T03:45:16.477,2019-03-06T03:45:35.351,,03:45:16.477,03:45:16.477,0,450,#N/A,#N/A,00:28:10,1690.008,1
pert-josh,M7@bmm,4570,433,8103,7,814,NULL,2517930,2517930,2517930,2517931,LIMIT,BUY,1,400,2019-03-06T03:45:17.082,2019-03-06T03:45:17.098,,03:45:17.082,03:45:17.082,0,450,#N/A,#N/A,00:28:11,1690.613,1
pert-josh,M3@bmm,4566,433,8103,7,814,NULL,2517931,2517811,2517811,2517930,LIMIT,SELL,1,400,2019-03-06T03:45:17.090,2019-03-06T03:45:17.099,,03:45:17.090,03:45:17.090,1,450,400,-50,00:28:11,1690.621,-1
pert-josh,M3@bmm,4566,433,8103,7,814,NULL,2517932,2517811,2517811,NULL,LIMIT,SELL,1,400,2019-03-06T03:44:41.468,2019-03-06T03:45:17.099,,03:44:41.468,03:44:41.468,0,450,#N/A,#N/A,00:27:35,1654.999,-1
pert-josh,M7@bmm,4570,433,8103,7,814,NULL,2517937,2517936,2517936,2517906,LIMIT,SELL,1,390,2019-03-06T03:45:23.559,2019-03-06T03:45:23.567,,03:45:23.559,03:45:23.559,1,450,390,-60,00:28:17,1697.09,-1
pert-josh,M7@bmm,4570,433,8103,7,814,NULL,2517947,2517946,2517946,2517929,LIMIT,SELL,1,385,2019-03-06T03:45:35.329,2019-03-06T03:45:35.352,,03:45:35.329,03:45:35.329,1,450,385,-65,00:28:29,1708.86,-1
pert-josh,M7@bmm,4570,433,8103,7,814,NULL,2517948,2517946,2517946,2517949,LIMIT,SELL,1,385,2019-03-06T03:45:35.337,2019-03-06T03:45:35.352,,03:45:35.337,03:45:35.337,0,450,#N/A,#N/A,00:28:29,1708.868,-1
pert-josh,M3@bmm,4566,433,8103,7,814,NULL,2517949,2517934,2517934,2517948,LIMIT,BUY,1,385,2019-03-06T03:45:35.340,2019-03-06T03:45:35.352,,03:45:35.340,03:45:35.340,1,450,385,-65,00:28:29,1708.871,1
pert-josh,M3@bmm,4566,433,8103,7,814,NULL,2517950,2517934,2517934,2517953,LIMIT,BUY,1,385,2019-03-06T03:45:18.478,2019-03-06T03:45:40.216,,03:45:18.478,03:45:18.478,0,450,#N/A,#N/A,00:28:12,1692.009,1
pert-josh,M3@bmm,4566,433,8103,7,814,NULL,2517951,2517951,2517951,NULL,LIMIT,SELL,2,395,2019-03-06T03:45:38.457,2019-03-06T03:45:38.460,,03:45:38.457,03:45:38.457,0,450,#N/A,#N/A,00:28:32,1711.988,-1
pert-josh,M7@bmm,4570,433,8103,7,814,NULL,2517953,2517952,2517952,2517950,LIMIT,SELL,1,385,2019-03-06T03:45:40.208,2019-03-06T03:45:40.216,,03:45:40.208,03:45:40.208,1,450,385,-65,00:28:34,1713.739,-1
pert-josh,M3@bmm,4566,433,8103,7,814,NULL,2517956,2517956,2517956,2517958,LIMIT,BUY,2,380,2019-03-06T03:45:42.687,2019-03-06T03:45:43.961,,03:45:42.687,03:45:42.687,0,450,#N/A,#N/A,00:28:36,1716.218,1
pert-josh,M2@bmm,4565,433,8103,7,814,NULL,2517957,2517957,2517957,2517979,LIMIT,BUY,1,380,2019-03-06T03:45:43.057,2019-03-06T03:46:12.485,,03:45:43.057,03:45:43.057,0,450,#N/A,#N/A,00:28:37,1716.588,1
pert-josh,M7@bmm,4570,433,8103,7,814,NULL,2517958,2517958,2517958,2517956,LIMIT,SELL,2,380,2019-03-06T03:45:43.952,2019-03-06T03:45:43.960,,03:45:43.952,03:45:43.952,1,450,380,-70,00:28:37,1717.483,-1
pert-josh,M5@bmm,4568,433,8103,7,814,NULL,2517960,2517960,2517960,2517961,LIMIT,SELL,1,385,2019-03-06T03:45:53.657,2019-03-06T03:45:53.673,,03:45:53.657,03:45:53.657,0,450,#N/A,#N/A,00:28:47,1727.188,-1
pert-josh,M7@bmm,4570,433,8103,7,814,NULL,2517961,2517959,2517959,2517960,LIMIT,BUY,1,385,2019-03-06T03:45:53.665,2019-03-06T03:45:53.674,,03:45:53.665,03:45:53.665,1,450,385,-65,00:28:47,1727.196,1
pert-josh,M5@bmm,4568,433,8103,7,814,NULL,2517965,2517965,2517965,2517966,LIMIT,SELL,1,385,2019-03-06T03:45:56.074,2019-03-06T03:45:56.090,,03:45:56.074,03:45:56.074,0,450,#N/A,#N/A,00:28:50,1729.605,-1
pert-josh,M7@bmm,4570,433,8103,7,814,NULL,2517966,2517964,2517964,2517965,LIMIT,BUY,1,385,2019-03-06T03:45:56.082,2019-03-06T03:45:56.091,,03:45:56.082,03:45:56.082,1,450,385,-65,00:28:50,1729.613,1
pert-josh,M7@bmm,4570,433,8103,7,814,NULL,2517967,2517964,2517964,2517971,LIMIT,BUY,1,385,2019-03-06T03:45:55.959,2019-03-06T03:46:02.468,,03:45:55.959,03:45:55.959,0,450,#N/A,#N/A,00:28:49,1729.49,1
pert-josh,M6@bmm,4569,433,8103,7,814,NULL,2517968,2517968,2517968,NULL,LIMIT,SELL,1,390,2019-03-06T03:45:57.961,2019-03-06T03:45:57.964,,03:45:57.961,03:45:57.961,0,450,#N/A,#N/A,00:28:51,1731.492,-1
pert-josh,M5@bmm,4568,433,8103,7,814,NULL,2517971,2517971,2517971,2517967,LIMIT,SELL,1,385,2019-03-06T03:46:02.460,2019-03-06T03:46:02.467,,03:46:02.460,03:46:02.460,1,450,385,-65,00:28:56,1735.991,-1
pert-josh,M7@bmm,4570,433,8103,7,814,NULL,2517979,2517978,2517978,2517957,LIMIT,SELL,1,380,2019-03-06T03:46:12.478,2019-03-06T03:46:12.486,,03:46:12.478,03:46:12.478,1,450,380,-70,00:29:06,1746.009,-1
pert-josh,M2@bmm,4565,433,8103,7,814,NULL,2517989,2517989,2517989,NULL,LIMIT,BUY,1,365,2019-03-06T03:46:29.267,2019-03-06T03:46:29.270,,03:46:29.267,03:46:29.267,0,450,#N/A,#N/A,00:29:23,1762.798,1
pert-josh,M5@bmm,4568,433,8103,7,814,NULL,2517991,2517991,2517991,2517992,LIMIT,BUY,1,380,2019-03-06T03:46:29.748,2019-03-06T03:46:29.763,,03:46:29.748,03:46:29.748,0,450,#N/A,#N/A,00:29:23,1763.279,1
pert-josh,M3@bmm,4566,433,8103,7,814,NULL,2517992,2517988,2517988,2517991,LIMIT,SELL,1,380,2019-03-06T03:46:29.755,2019-03-06T03:46:29.764,,03:46:29.755,03:46:29.755,1,450,380,-70,00:29:23,1763.286,-1
pert-josh,M3@bmm,4566,433,8103,7,814,NULL,2517993,2517988,2517988,2517995,LIMIT,SELL,1,380,2019-03-06T03:46:24.998,2019-03-06T03:46:31.200,,03:46:24.998,03:46:24.998,0,450,#N/A,#N/A,00:29:19,1758.529,-1
pert-josh,M7@bmm,4570,433,8103,7,814,NULL,2517995,2517994,2517994,2517993,LIMIT,BUY,1,380,2019-03-06T03:46:31.192,2019-03-06T03:46:31.200,,03:46:31.192,03:46:31.192,1,450,380,-70,00:29:25,1764.723,1
pert-josh,M8@bmm,4571,433,8103,7,814,NULL,2517998,2517998,2517998,NULL,LIMIT,SELL,2,385,2019-03-06T03:46:35.541,2019-03-06T03:46:35.544,,03:46:35.541,03:46:35.541,0,450,#N/A,#N/A,00:29:29,1769.072,-1
pert-josh,M7@bmm,4570,433,8103,7,814,NULL,2518001,2517999,2517999,2518002,LIMIT,SELL,1,375,2019-03-06T03:46:35.670,2019-03-06T03:46:35.681,,03:46:35.670,03:46:35.670,0,450,#N/A,#N/A,00:29:29,1769.201,-1
pert-josh,M3@bmm,4566,433,8103,7,814,NULL,2518002,2517984,2517984,2518001,LIMIT,BUY,1,375,2019-03-06T03:46:35.673,2019-03-06T03:46:35.681,,03:46:35.673,03:46:35.673,1,450,375,-75,00:29:29,1769.204,1
pert-josh,M3@bmm,4566,433,8103,7,814,NULL,2518003,2517984,2517984,2518005,LIMIT,BUY,1,375,2019-03-06T03:46:17.103,2019-03-06T03:46:37.354,,03:46:17.103,03:46:17.103,0,450,#N/A,#N/A,00:29:11,1750.634,1
pert-josh,M7@bmm,4570,433,8103,7,814,NULL,2518005,2518004,2518004,2518003,LIMIT,SELL,1,375,2019-03-06T03:46:37.337,2019-03-06T03:46:37.354,,03:46:37.337,03:46:37.337,1,450,375,-75,00:29:31,1770.868,-1
pert-josh,M7@bmm,4570,433,8103,7,814,NULL,2518006,2518004,2518004,2518007,LIMIT,SELL,1,370,2019-03-06T03:46:37.341,2019-03-06T03:46:37.355,,03:46:37.341,03:46:37.341,0,450,#N/A,#N/A,00:29:31,1770.872,-1
pert-josh,M3@bmm,4566,433,8103,7,814,NULL,2518007,2517901,2517901,2518006,LIMIT,BUY,1,370,2019-03-06T03:46:37.345,2019-03-06T03:46:37.355,,03:46:37.345,03:46:37.345,1,450,370,-80,00:29:31,1770.876,1
pert-josh,M3@bmm,4566,433,8103,7,814,NULL,2518008,2517901,2517901,2518030,LIMIT,BUY,1,370,2019-03-06T03:44:58.653,2019-03-06T03:47:04.577,,03:44:58.653,03:44:58.653,0,450,#N/A,#N/A,00:27:52,1672.184,1
pert-josh,M5@bmm,4568,433,8103,7,814,NULL,2518009,2518009,2518009,2518019,LIMIT,SELL,1,380,2019-03-06T03:46:39.890,2019-03-06T03:46:53.522,,03:46:39.890,03:46:39.890,0,450,#N/A,#N/A,00:29:33,1773.421,-1
pert-josh,M2@bmm,4565,433,8103,7,814,NULL,2518012,2518012,2518012,2518016,LIMIT,SELL,1,375,2019-03-06T03:46:42.731,2019-03-06T03:46:49.179,,03:46:42.731,03:46:42.731,0,450,#N/A,#N/A,00:29:36,1776.262,-1
pert-josh,M3@bmm,4566,433,8103,7,814,NULL,2518014,2518014,2518014,NULL,LIMIT,SELL,2,390,2019-03-06T03:46:45.177,2019-03-06T03:46:45.180,,03:46:45.177,03:46:45.177,0,450,#N/A,#N/A,00:29:39,1778.708,-1
pert-josh,M7@bmm,4570,433,8103,7,814,NULL,2518016,2518015,2518015,2518012,LIMIT,BUY,1,375,2019-03-06T03:46:49.171,2019-03-06T03:46:49.179,,03:46:49.171,03:46:49.171,1,450,375,-75,00:29:43,1782.702,1
pert-josh,M7@bmm,4570,433,8103,7,814,NULL,2518019,2518018,2518018,2518009,LIMIT,BUY,1,380,2019-03-06T03:46:53.514,2019-03-06T03:46:53.522,,03:46:53.514,03:46:53.514,1,450,380,-70,00:29:47,1787.045,1
pert-josh,M6@bmm,4569,433,8103,7,814,NULL,2518022,2518022,2518022,NULL,LIMIT,SELL,1,380,2019-03-06T03:46:56.009,2019-03-06T03:46:56.013,,03:46:56.009,03:46:56.009,0,450,#N/A,#N/A,00:29:50,1789.54,-1
pert-josh,M5@bmm,4568,433,8103,7,814,NULL,2518024,2518024,2518024,NULL,LIMIT,SELL,1,380,2019-03-06T03:46:58.748,2019-03-06T03:46:58.751,,03:46:58.748,03:46:58.748,0,450,#N/A,#N/A,00:29:52,1792.279,-1
pert-josh,M3@bmm,4566,433,8103,7,814,NULL,2518025,2518025,2518025,NULL,LIMIT,SELL,2,385,2019-03-06T03:47:00.162,2019-03-06T03:47:00.166,,03:47:00.162,03:47:00.162,0,450,#N/A,#N/A,00:29:54,1793.693,-1
pert-josh,M2@bmm,4565,433,8103,7,814,NULL,2518026,2518026,2518026,NULL,LIMIT,SELL,1,380,2019-03-06T03:47:00.227,2019-03-06T03:47:00.232,,03:47:00.227,03:47:00.227,0,450,#N/A,#N/A,00:29:54,1793.758,-1
pert-josh,M7@bmm,4570,433,8103,7,814,NULL,2518030,2518030,2518030,2518008,LIMIT,SELL,1,370,2019-03-06T03:47:04.569,2019-03-06T03:47:04.577,,03:47:04.569,03:47:04.569,1,450,370,-80,00:29:58,1798.1,-1
pert-josh,M5@bmm,4568,433,8105,8,814,NULL,2518031,2518031,2518031,2518036,LIMIT,BUY,1,400,2019-03-06T03:47:46.161,2019-03-06T03:47:49.527,,03:47:46.161,03:47:46.161,0,400,#N/A,#N/A,00:30:40,1839.692,1
pert-josh,M3@bmm,4566,433,8105,8,814,NULL,2518036,2518035,2518035,2518031,LIMIT,SELL,1,400,2019-03-06T03:47:49.519,2019-03-06T03:47:49.527,,03:47:49.519,03:47:49.519,1,400,400,0,00:30:43,1843.05,-1
pert-josh,M3@bmm,4566,433,8105,8,814,NULL,2518037,2518035,2518035,NULL,LIMIT,SELL,1,400,2019-03-06T03:47:49.512,2019-03-06T03:47:49.528,,03:47:49.512,03:47:49.512,0,400,#N/A,#N/A,00:30:43,1843.043,-1
