account,email,owner,marketplace,session,period,periodOrig,market,target,order,original,supplier,consumer,type,side,units,price,createdDate,lastModifiedDate,16. just time,17. just second,trade,fair value,trade price,mispricing,time secs,buy/sell,vol1,vol2,vol3,vol4,vol5,vol6,vol7,vol8
limpid-josh,M1@bmm,8038,1280,32686,1,32686,2236,NULL,19837277,19837277,19837277,19837372,LIMIT,BUY,1,450,2021-05-27T07:00:29.323,2021-05-27T07:03:39.578,00:29.3,07:00:29,0,750,0,#N/A,0,1,0,0,0,0,0,0,0,0
limpid-josh,M1@bmm,8038,1280,32686,1,32686,2236,NULL,19837278,19837278,19837278,19837371,LIMIT,BUY,1,450,2021-05-27T07:00:29.468,2021-05-27T07:03:37.450,00:29.5,07:00:29,0,750,0,#N/A,0.145,1,0,0,0,0,0,0,0,0
limpid-josh,M1@bmm,8038,1280,32686,1,32686,2236,NULL,19837279,19837279,19837279,19837369,LIMIT,BUY,1,450,2021-05-27T07:00:29.481,2021-05-27T07:03:36.775,00:29.5,07:00:29,0,750,0,#N/A,0.158,1,0,0,0,0,0,0,0,0
limpid-josh,M1@bmm,8038,1280,32686,1,32686,2236,NULL,19837280,19837280,19837280,NULL,LIMIT,SELL,1,800,2021-05-27T07:00:42.364,2021-05-27T07:00:42.368,00:42.4,07:00:42,0,750,0,#N/A,13.041,-1,0,0,0,0,0,0,0,0
limpid-josh,M1@bmm,8038,1280,32686,1,32686,2236,NULL,19837281,19837281,19837281,NULL,LIMIT,SELL,1,800,2021-05-27T07:00:43.410,2021-05-27T07:00:43.414,00:43.4,07:00:43,0,750,0,#N/A,14.087,-1,0,0,0,0,0,0,0,0
limpid-josh,M1@bmm,8038,1280,32686,1,32686,2236,NULL,19837282,19837282,19837282,NULL,LIMIT,SELL,1,800,2021-05-27T07:00:43.777,2021-05-27T07:00:43.780,00:43.8,07:00:43,0,750,0,#N/A,14.454,-1,0,0,0,0,0,0,0,0
limpid-josh,M2@bmm,8039,1280,32686,1,32686,2236,NULL,19837283,19837283,19837283,19837399,LIMIT,SELL,1,840,2021-05-27T07:00:46.351,2021-05-27T07:04:43.701,00:46.4,07:00:46,0,750,0,#N/A,17.028,-1,0,0,0,0,0,0,0,0
limpid-josh,M4@bmm,8041,1280,32686,1,32686,2236,NULL,19837284,19837284,19837284,19837304,LIMIT,SELL,1,700,2021-05-27T07:00:50.983,2021-05-27T07:01:35.700,00:51.0,07:00:50,0,750,0,#N/A,21.66,-1,0,0,0,0,0,0,0,0
limpid-josh,M4@bmm,8041,1280,32686,1,32686,2236,NULL,19837285,19837285,19837285,19837375,LIMIT,SELL,1,700,2021-05-27T07:00:52.190,2021-05-27T07:03:40.179,00:52.2,07:00:52,0,750,0,#N/A,22.867,-1,0,0,0,0,0,0,0,0
limpid-josh,M8@bmm,8045,1280,32686,1,32686,2236,NULL,19837286,19837286,19837286,19837289,LIMIT,BUY,1,540,2021-05-27T07:00:58.450,2021-05-27T07:01:01.472,00:58.4,07:00:58,0,750,0,#N/A,29.127,1,0,0,0,0,0,0,0,0
limpid-josh,M3@bmm,8040,1280,32686,1,32686,2236,NULL,19837287,19837287,19837287,19837291,LIMIT,SELL,1,695,2021-05-27T07:01:00.418,2021-05-27T07:01:04.632,01:00.4,07:01:00,0,750,0,#N/A,31.095,-1,0,0,0,0,0,0,0,0
limpid-josh,M1@bmm,8038,1280,32686,1,32686,2236,NULL,19837288,19837288,19837288,19837366,LIMIT,BUY,1,420,2021-05-27T07:01:00.455,2021-05-27T07:03:34.289,01:00.5,07:01:00,0,750,0,#N/A,31.132,1,0,0,0,0,0,0,0,0
limpid-josh,M8@bmm,8045,1280,32686,1,32686,2236,NULL,19837289,19837286,19837289,19837286,CANCEL,BUY,1,540,2021-05-27T07:01:01.465,2021-05-27T07:01:01.471,01:01.5,07:01:01,0,750,0,#N/A,32.142,1,0,0,0,0,0,0,0,0
limpid-josh,M5@bmm,8042,1280,32686,1,32686,2236,NULL,19837290,19837290,19837290,0,LIMIT,BUY,1,795,2021-05-27T07:01:04.619,2021-05-27T07:01:04.631,01:04.6,07:01:04,0,750,0,#N/A,35.296,1,0,0,0,0,0,0,0,0
limpid-josh,M5@bmm,8042,1280,32686,1,32686,2236,NULL,19837291,19837290,19837290,19837287,LIMIT,BUY,1,695,2021-05-27T07:01:04.626,2021-05-27T07:01:04.632,01:04.6,07:01:04,1,750,695,-55,35.303,1,0,0,0,0,1,0,0,0
limpid-josh,M3@bmm,8040,1280,32686,1,32686,2236,NULL,19837292,19837292,19837292,19837295,LIMIT,SELL,1,695,2021-05-27T07:01:10.726,2021-05-27T07:01:14.997,01:10.7,07:01:10,0,750,0,#N/A,41.403,-1,0,0,0,0,0,0,0,0
limpid-josh,M4@bmm,8041,1280,32686,1,32686,2236,NULL,19837293,19837293,19837293,19837302,LIMIT,SELL,1,640,2021-05-27T07:01:11.108,2021-05-27T07:01:34.794,01:11.1,07:01:11,0,750,0,#N/A,41.785,-1,0,0,0,0,0,0,0,0
limpid-josh,M5@bmm,8042,1280,32686,1,32686,2236,NULL,19837294,19837294,19837294,NULL,LIMIT,SELL,1,1000,2021-05-27T07:01:14.481,2021-05-27T07:01:14.484,01:14.5,07:01:14,0,750,0,#N/A,45.158,-1,0,0,0,0,0,0,0,0
limpid-josh,M3@bmm,8040,1280,32686,1,32686,2236,NULL,19837295,19837292,19837295,19837292,CANCEL,SELL,1,695,2021-05-27T07:01:14.989,2021-05-27T07:01:14.996,01:15.0,07:01:14,0,750,0,#N/A,45.666,-1,0,0,0,0,0,0,0,0
limpid-josh,M1@bmm,8038,1280,32686,1,32686,2236,NULL,19837296,19837296,19837296,NULL,LIMIT,SELL,1,700,2021-05-27T07:01:20.053,2021-05-27T07:01:20.056,01:20.1,07:01:20,0,750,0,#N/A,50.73,-1,0,0,0,0,0,0,0,0
limpid-josh,M2@bmm,8039,1280,32686,1,32686,2236,NULL,19837297,19837297,19837297,19837299,LIMIT,BUY,1,635,2021-05-27T07:01:20.690,2021-05-27T07:01:20.942,01:20.7,07:01:20,0,750,0,#N/A,51.367,1,0,0,0,0,0,0,0,0
limpid-josh,M1@bmm,8038,1280,32686,1,32686,2236,NULL,19837298,19837298,19837298,NULL,LIMIT,SELL,1,700,2021-05-27T07:01:20.698,2021-05-27T07:01:20.701,01:20.7,07:01:20,0,750,0,#N/A,51.375,-1,0,0,0,0,0,0,0,0
limpid-josh,M3@bmm,8040,1280,32686,1,32686,2236,NULL,19837299,19837299,19837299,19837297,LIMIT,SELL,1,635,2021-05-27T07:01:20.934,2021-05-27T07:01:20.941,01:20.9,07:01:20,1,750,635,-115,51.611,-1,0,0,1,0,0,0,0,0
limpid-josh,M5@bmm,8042,1280,32686,1,32686,2236,NULL,19837300,19837300,19837300,NULL,LIMIT,SELL,1,1000,2021-05-27T07:01:24.337,2021-05-27T07:01:24.340,01:24.3,07:01:24,0,750,0,#N/A,55.014,-1,0,0,0,0,0,0,0,0
limpid-josh,M6@bmm,8043,1280,32686,1,32686,2236,NULL,19837301,19837301,19837301,NULL,LIMIT,SELL,1,705,2021-05-27T07:01:24.691,2021-05-27T07:01:24.694,01:24.7,07:01:24,0,750,0,#N/A,55.368,-1,0,0,0,0,0,0,0,0
limpid-josh,M2@bmm,8039,1280,32686,1,32686,2236,NULL,19837302,19837302,19837302,19837293,LIMIT,BUY,1,640,2021-05-27T07:01:34.786,2021-05-27T07:01:34.793,01:34.8,07:01:34,1,750,640,-110,65.463,1,0,1,0,0,0,0,0,0
limpid-josh,M5@bmm,8042,1280,32686,1,32686,2236,NULL,19837303,19837303,19837303,0,LIMIT,BUY,1,760,2021-05-27T07:01:35.689,2021-05-27T07:01:35.700,01:35.7,07:01:35,0,750,0,#N/A,66.366,1,0,0,0,0,0,0,0,0
limpid-josh,M5@bmm,8042,1280,32686,1,32686,2236,NULL,19837304,19837303,19837303,19837284,LIMIT,BUY,1,700,2021-05-27T07:01:35.696,2021-05-27T07:01:35.700,01:35.7,07:01:35,1,750,700,-50,66.373,1,0,0,0,0,1,0,0,0
limpid-josh,M7@bmm,8044,1280,32686,1,32686,2236,NULL,19837305,19837305,19837305,19837307,LIMIT,SELL,1,625,2021-05-27T07:01:36.596,2021-05-27T07:01:39.620,01:36.6,07:01:36,0,750,0,#N/A,67.273,-1,0,0,0,0,0,0,0,0
limpid-josh,M5@bmm,8042,1280,32686,1,32686,2236,NULL,19837306,19837306,19837306,0,LIMIT,BUY,1,760,2021-05-27T07:01:39.610,2021-05-27T07:01:39.620,01:39.6,07:01:39,0,750,0,#N/A,70.287,1,0,0,0,0,0,0,0,0
limpid-josh,M5@bmm,8042,1280,32686,1,32686,2236,NULL,19837307,19837306,19837306,19837305,LIMIT,BUY,1,625,2021-05-27T07:01:39.616,2021-05-27T07:01:39.620,01:39.6,07:01:39,1,750,625,-125,70.293,1,0,0,0,0,1,0,0,0
limpid-josh,M4@bmm,8041,1280,32686,1,32686,2236,NULL,19837308,19837308,19837308,19837330,LIMIT,SELL,1,640,2021-05-27T07:01:41.398,2021-05-27T07:02:11.825,01:41.4,07:01:41,0,750,0,#N/A,72.075,-1,0,0,0,0,0,0,0,0
limpid-josh,M3@bmm,8040,1280,32686,1,32686,2236,NULL,19837309,19837309,19837309,19837311,LIMIT,SELL,1,635,2021-05-27T07:01:42.345,2021-05-27T07:01:45.752,01:42.3,07:01:42,0,750,0,#N/A,73.022,-1,0,0,0,0,0,0,0,0
limpid-josh,M5@bmm,8042,1280,32686,1,32686,2236,NULL,19837310,19837310,19837310,0,LIMIT,BUY,1,730,2021-05-27T07:01:45.741,2021-05-27T07:01:45.751,01:45.7,07:01:45,0,750,0,#N/A,76.418,1,0,0,0,0,0,0,0,0
limpid-josh,M5@bmm,8042,1280,32686,1,32686,2236,NULL,19837311,19837310,19837310,19837309,LIMIT,BUY,1,635,2021-05-27T07:01:45.747,2021-05-27T07:01:45.752,01:45.7,07:01:45,1,750,635,-115,76.424,1,0,0,0,0,1,0,0,0
limpid-josh,M8@bmm,8045,1280,32686,1,32686,2236,NULL,19837312,19837312,19837312,19837316,LIMIT,SELL,1,600,2021-05-27T07:01:46.508,2021-05-27T07:01:54.998,01:46.5,07:01:46,0,750,0,#N/A,77.185,-1,0,0,0,0,0,0,0,0
limpid-josh,M1@bmm,8038,1280,32686,1,32686,2236,NULL,19837313,19837313,19837313,NULL,LIMIT,BUY,1,500,2021-05-27T07:01:48.570,2021-05-27T07:01:48.574,01:48.6,07:01:48,0,750,0,#N/A,79.247,1,0,0,0,0,0,0,0,0
limpid-josh,M1@bmm,8038,1280,32686,1,32686,2236,NULL,19837314,19837314,19837314,NULL,LIMIT,BUY,1,500,2021-05-27T07:01:50.236,2021-05-27T07:01:50.238,01:50.2,07:01:50,0,750,0,#N/A,80.913,1,0,0,0,0,0,0,0,0
limpid-josh,M5@bmm,8042,1280,32686,1,32686,2236,NULL,19837315,19837315,19837315,0,LIMIT,BUY,1,705,2021-05-27T07:01:54.988,2021-05-27T07:01:54.998,01:55.0,07:01:54,0,750,0,#N/A,85.665,1,0,0,0,0,0,0,0,0
limpid-josh,M5@bmm,8042,1280,32686,1,32686,2236,NULL,19837316,19837315,19837315,19837312,LIMIT,BUY,1,600,2021-05-27T07:01:54.994,2021-05-27T07:01:54.998,01:55.0,07:01:54,1,750,600,-150,85.671,1,0,0,0,0,1,0,0,0
limpid-josh,M3@bmm,8040,1280,32686,1,32686,2236,NULL,19837317,19837317,19837317,19837319,LIMIT,SELL,1,590,2021-05-27T07:01:55.432,2021-05-27T07:01:58.906,01:55.4,07:01:55,0,750,0,#N/A,86.109,-1,0,0,0,0,0,0,0,0
limpid-josh,M8@bmm,8045,1280,32686,1,32686,2236,NULL,19837318,19837318,19837318,19837321,LIMIT,SELL,1,560,2021-05-27T07:01:55.803,2021-05-27T07:01:59.563,01:55.8,07:01:55,0,750,0,#N/A,86.48,-1,0,0,0,0,0,0,0,0
limpid-josh,M3@bmm,8040,1280,32686,1,32686,2236,NULL,19837319,19837317,19837319,19837317,CANCEL,SELL,1,590,2021-05-27T07:01:58.899,2021-05-27T07:01:58.906,01:58.9,07:01:58,0,750,0,#N/A,89.576,-1,0,0,0,0,0,0,0,0
limpid-josh,M5@bmm,8042,1280,32686,1,32686,2236,NULL,19837320,19837320,19837320,0,LIMIT,BUY,1,705,2021-05-27T07:01:59.553,2021-05-27T07:01:59.563,01:59.6,07:01:59,0,750,0,#N/A,90.23,1,0,0,0,0,0,0,0,0
limpid-josh,M5@bmm,8042,1280,32686,1,32686,2236,NULL,19837321,19837320,19837320,19837318,LIMIT,BUY,1,560,2021-05-27T07:01:59.559,2021-05-27T07:01:59.563,01:59.6,07:01:59,1,750,560,-190,90.236,1,0,0,0,0,1,0,0,0
limpid-josh,M3@bmm,8040,1280,32686,1,32686,2236,NULL,19837322,19837322,19837322,19837324,LIMIT,SELL,1,590,2021-05-27T07:02:02.206,2021-05-27T07:02:05.269,02:02.2,07:02:02,0,750,0,#N/A,92.883,-1,0,0,0,0,0,0,0,0
limpid-josh,M5@bmm,8042,1280,32686,1,32686,2236,NULL,19837323,19837323,19837323,0,LIMIT,BUY,1,705,2021-05-27T07:02:05.258,2021-05-27T07:02:05.269,02:05.3,07:02:05,0,750,0,#N/A,95.935,1,0,0,0,0,0,0,0,0
limpid-josh,M5@bmm,8042,1280,32686,1,32686,2236,NULL,19837324,19837323,19837323,19837322,LIMIT,BUY,1,590,2021-05-27T07:02:05.265,2021-05-27T07:02:05.269,02:05.3,07:02:05,1,750,590,-160,95.942,1,0,0,0,0,1,0,0,0
limpid-josh,M8@bmm,8045,1280,32686,1,32686,2236,NULL,19837325,19837325,19837325,19837327,LIMIT,SELL,1,615,2021-05-27T07:02:07.907,2021-05-27T07:02:09.631,02:07.9,07:02:07,0,750,0,#N/A,98.584,-1,0,0,0,0,0,0,0,0
limpid-josh,M5@bmm,8042,1280,32686,1,32686,2236,NULL,19837326,19837326,19837326,0,LIMIT,BUY,1,705,2021-05-27T07:02:09.618,2021-05-27T07:02:09.630,02:09.6,07:02:09,0,750,0,#N/A,100.295,1,0,0,0,0,0,0,0,0
limpid-josh,M5@bmm,8042,1280,32686,1,32686,2236,NULL,19837327,19837326,19837326,19837325,LIMIT,BUY,1,615,2021-05-27T07:02:09.626,2021-05-27T07:02:09.631,02:09.6,07:02:09,1,750,615,-135,100.303,1,0,0,0,0,1,0,0,0
limpid-josh,M6@bmm,8043,1280,32686,1,32686,2236,NULL,19837328,19837328,19837328,19837377,LIMIT,BUY,1,470,2021-05-27T07:02:10.326,2021-05-27T07:03:45.957,02:10.3,07:02:10,0,750,0,#N/A,101.003,1,0,0,0,0,0,0,0,0
limpid-josh,M5@bmm,8042,1280,32686,1,32686,2236,NULL,19837329,19837329,19837329,0,LIMIT,BUY,1,705,2021-05-27T07:02:11.815,2021-05-27T07:02:11.824,02:11.8,07:02:11,0,750,0,#N/A,102.492,1,0,0,0,0,0,0,0,0
limpid-josh,M5@bmm,8042,1280,32686,1,32686,2236,NULL,19837330,19837329,19837329,19837308,LIMIT,BUY,1,640,2021-05-27T07:02:11.821,2021-05-27T07:02:11.825,02:11.8,07:02:11,1,750,640,-110,102.498,1,0,0,0,0,1,0,0,0
limpid-josh,M3@bmm,8040,1280,32686,1,32686,2236,NULL,19837331,19837331,19837331,19837339,LIMIT,SELL,1,630,2021-05-27T07:02:15.191,2021-05-27T07:02:38.511,02:15.2,07:02:15,0,750,0,#N/A,105.868,-1,0,0,0,0,0,0,0,0
limpid-josh,M8@bmm,8045,1280,32686,1,32686,2236,NULL,19837332,19837332,19837332,19837333,LIMIT,SELL,1,615,2021-05-27T07:02:18.790,2021-05-27T07:02:21.246,02:18.8,07:02:18,0,750,0,#N/A,109.467,-1,0,0,0,0,0,0,0,0
limpid-josh,M7@bmm,8044,1280,32686,1,32686,2236,NULL,19837333,19837333,19837333,19837332,LIMIT,BUY,1,615,2021-05-27T07:02:21.238,2021-05-27T07:02:21.246,02:21.2,07:02:21,1,750,615,-135,111.915,1,0,0,0,0,0,0,1,0
limpid-josh,M5@bmm,8042,1280,32686,1,32686,2236,NULL,19837334,19837334,19837334,19837345,LIMIT,BUY,1,570,2021-05-27T07:02:25.219,2021-05-27T07:03:00.069,02:25.2,07:02:25,0,750,0,#N/A,115.896,1,0,0,0,0,0,0,0,0
limpid-josh,M5@bmm,8042,1280,32686,1,32686,2236,NULL,19837335,19837335,19837335,19837398,LIMIT,BUY,1,570,2021-05-27T07:02:29.049,2021-05-27T07:04:38.771,02:29.0,07:02:29,0,750,0,#N/A,119.726,1,0,0,0,0,0,0,0,0
limpid-josh,M4@bmm,8041,1280,32686,1,32686,2236,NULL,19837336,19837336,19837336,NULL,LIMIT,BUY,1,530,2021-05-27T07:02:29.887,2021-05-27T07:02:29.890,02:29.9,07:02:29,0,750,0,#N/A,120.564,1,0,0,0,0,0,0,0,0
limpid-josh,M7@bmm,8044,1280,32686,1,32686,2236,NULL,19837337,19837337,19837337,19837350,LIMIT,SELL,1,625,2021-05-27T07:02:33.008,2021-05-27T07:03:01.284,02:33.0,07:02:33,0,750,0,#N/A,123.685,-1,0,0,0,0,0,0,0,0
limpid-josh,M6@bmm,8043,1280,32686,1,32686,2236,NULL,19837338,19837338,19837338,19837391,LIMIT,SELL,1,635,2021-05-27T07:02:33.831,2021-05-27T07:04:22.686,02:33.8,07:02:33,0,750,0,#N/A,124.508,-1,0,0,0,0,0,0,0,0
limpid-josh,M3@bmm,8040,1280,32686,1,32686,2236,NULL,19837339,19837331,19837339,19837331,CANCEL,SELL,1,630,2021-05-27T07:02:38.504,2021-05-27T07:02:38.511,02:38.5,07:02:38,0,750,0,#N/A,129.181,-1,0,0,0,0,0,0,0,0
limpid-josh,M3@bmm,8040,1280,32686,1,32686,2236,NULL,19837340,19837340,19837340,19837348,LIMIT,SELL,1,620,2021-05-27T07:02:41.194,2021-05-27T07:03:00.490,02:41.2,07:02:41,0,750,0,#N/A,131.871,-1,0,0,0,0,0,0,0,0
limpid-josh,M5@bmm,8042,1280,32686,1,32686,2236,NULL,19837341,19837341,19837341,NULL,LIMIT,SELL,1,1000,2021-05-27T07:02:45.050,2021-05-27T07:02:45.053,02:45.0,07:02:45,0,750,0,#N/A,135.727,-1,0,0,0,0,0,0,0,0
limpid-josh,M8@bmm,8045,1280,32686,1,32686,2236,NULL,19837342,19837342,19837342,19837344,LIMIT,BUY,1,540,2021-05-27T07:02:45.900,2021-05-27T07:02:48.049,02:45.9,07:02:45,0,750,0,#N/A,136.577,1,0,0,0,0,0,0,0,0
limpid-josh,M6@bmm,8043,1280,32686,1,32686,2236,NULL,19837343,19837343,19837343,19837352,LIMIT,SELL,1,625,2021-05-27T07:02:45.957,2021-05-27T07:03:06.564,02:46.0,07:02:45,0,750,0,#N/A,136.634,-1,0,0,0,0,0,0,0,0
limpid-josh,M8@bmm,8045,1280,32686,1,32686,2236,NULL,19837344,19837342,19837344,19837342,CANCEL,BUY,1,540,2021-05-27T07:02:48.043,2021-05-27T07:02:48.048,02:48.0,07:02:48,0,750,0,#N/A,138.72,1,0,0,0,0,0,0,0,0
limpid-josh,M8@bmm,8045,1280,32686,1,32686,2236,NULL,19837345,19837345,19837345,19837334,LIMIT,SELL,1,570,2021-05-27T07:03:00.061,2021-05-27T07:03:00.069,03:00.1,07:03:00,1,750,570,-180,150.738,-1,0,0,0,0,0,0,0,1
limpid-josh,M1@bmm,8038,1280,32686,1,32686,2236,NULL,19837346,19837346,19837346,NULL,LIMIT,BUY,1,550,2021-05-27T07:03:00.296,2021-05-27T07:03:00.299,03:00.3,07:03:00,0,750,0,#N/A,150.973,1,0,0,0,0,0,0,0,0
limpid-josh,M5@bmm,8042,1280,32686,1,32686,2236,NULL,19837347,19837347,19837347,0,LIMIT,BUY,1,735,2021-05-27T07:03:00.480,2021-05-27T07:03:00.489,03:00.5,07:03:00,0,750,0,#N/A,151.157,1,0,0,0,0,0,0,0,0
limpid-josh,M5@bmm,8042,1280,32686,1,32686,2236,NULL,19837348,19837347,19837347,19837340,LIMIT,BUY,1,620,2021-05-27T07:03:00.486,2021-05-27T07:03:00.490,03:00.5,07:03:00,1,750,620,-130,151.163,1,0,0,0,0,1,0,0,0
limpid-josh,M5@bmm,8042,1280,32686,1,32686,2236,NULL,19837349,19837349,19837349,0,LIMIT,BUY,1,735,2021-05-27T07:03:01.272,2021-05-27T07:03:01.284,03:01.3,07:03:01,0,750,0,#N/A,151.949,1,0,0,0,0,0,0,0,0
limpid-josh,M5@bmm,8042,1280,32686,1,32686,2236,NULL,19837350,19837349,19837349,19837337,LIMIT,BUY,1,625,2021-05-27T07:03:01.280,2021-05-27T07:03:01.284,03:01.3,07:03:01,1,750,625,-125,151.957,1,0,0,0,0,1,0,0,0
limpid-josh,M5@bmm,8042,1280,32686,1,32686,2236,NULL,19837351,19837351,19837351,0,LIMIT,BUY,1,735,2021-05-27T07:03:06.553,2021-05-27T07:03:06.564,03:06.6,07:03:06,0,750,0,#N/A,157.23,1,0,0,0,0,0,0,0,0
limpid-josh,M5@bmm,8042,1280,32686,1,32686,2236,NULL,19837352,19837351,19837351,19837343,LIMIT,BUY,1,625,2021-05-27T07:03:06.560,2021-05-27T07:03:06.564,03:06.6,07:03:06,1,750,625,-125,157.237,1,0,0,0,0,1,0,0,0
limpid-josh,M8@bmm,8045,1280,32686,1,32686,2236,NULL,19837353,19837353,19837353,19837355,LIMIT,SELL,1,580,2021-05-27T07:03:09.389,2021-05-27T07:03:12.271,03:09.4,07:03:09,0,750,0,#N/A,160.066,-1,0,0,0,0,0,0,0,0
limpid-josh,M2@bmm,8039,1280,32686,1,32686,2236,NULL,19837354,19837354,19837354,0,LIMIT,BUY,1,605,2021-05-27T07:03:12.258,2021-05-27T07:03:12.270,03:12.3,07:03:12,0,750,0,#N/A,162.935,1,0,0,0,0,0,0,0,0
limpid-josh,M2@bmm,8039,1280,32686,1,32686,2236,NULL,19837355,19837354,19837354,19837353,LIMIT,BUY,1,580,2021-05-27T07:03:12.267,2021-05-27T07:03:12.271,03:12.3,07:03:12,1,750,580,-170,162.944,1,0,1,0,0,0,0,0,0
limpid-josh,M5@bmm,8042,1280,32686,1,32686,2236,NULL,19837356,19837356,19837356,19837405,LIMIT,BUY,1,585,2021-05-27T07:03:15.514,2021-05-27T07:05:07.346,03:15.5,07:03:15,0,750,0,#N/A,166.191,1,0,0,0,0,0,0,0,0
limpid-josh,M1@bmm,8038,1280,32686,1,32686,2236,NULL,19837357,19837357,19837357,NULL,LIMIT,SELL,1,650,2021-05-27T07:03:17.668,2021-05-27T07:03:17.673,03:17.7,07:03:17,0,750,0,#N/A,168.345,-1,0,0,0,0,0,0,0,0
limpid-josh,M8@bmm,8045,1280,32686,1,32686,2236,NULL,19837358,19837358,19837358,19837360,LIMIT,SELL,1,590,2021-05-27T07:03:17.677,2021-05-27T07:03:19.444,03:17.7,07:03:17,0,750,0,#N/A,168.354,-1,0,0,0,0,0,0,0,0
limpid-josh,M2@bmm,8039,1280,32686,1,32686,2236,NULL,19837359,19837359,19837359,0,LIMIT,BUY,1,600,2021-05-27T07:03:19.435,2021-05-27T07:03:19.444,03:19.4,07:03:19,0,750,0,#N/A,170.112,1,0,0,0,0,0,0,0,0
limpid-josh,M2@bmm,8039,1280,32686,1,32686,2236,NULL,19837360,19837359,19837359,19837358,LIMIT,BUY,1,590,2021-05-27T07:03:19.441,2021-05-27T07:03:19.444,03:19.4,07:03:19,1,750,590,-160,170.118,1,0,1,0,0,0,0,0,0
limpid-josh,M3@bmm,8040,1280,32686,1,32686,2236,NULL,19837361,19837361,19837361,NULL,LIMIT,BUY,1,500,2021-05-27T07:03:21.167,2021-05-27T07:03:21.170,03:21.2,07:03:21,0,750,0,#N/A,171.844,1,0,0,0,0,0,0,0,0
limpid-josh,M8@bmm,8045,1280,32686,1,32686,2236,NULL,19837362,19837362,19837362,19837364,LIMIT,SELL,1,595,2021-05-27T07:03:22.805,2021-05-27T07:03:26.549,03:22.8,07:03:22,0,750,0,#N/A,173.482,-1,0,0,0,0,0,0,0,0
limpid-josh,M6@bmm,8043,1280,32686,1,32686,2236,NULL,19837363,19837363,19837363,19837381,LIMIT,SELL,1,610,2021-05-27T07:03:23.049,2021-05-27T07:03:58.071,03:23.0,07:03:23,0,750,0,#N/A,173.726,-1,0,0,0,0,0,0,0,0
limpid-josh,M7@bmm,8044,1280,32686,1,32686,2236,NULL,19837364,19837364,19837364,19837362,LIMIT,BUY,1,595,2021-05-27T07:03:26.543,2021-05-27T07:03:26.549,03:26.5,07:03:26,1,750,595,-155,177.22,1,0,0,0,0,0,0,1,0
limpid-josh,M7@bmm,8044,1280,32686,1,32686,2236,NULL,19837365,19837365,19837365,19837368,LIMIT,SELL,1,600,2021-05-27T07:03:29.911,2021-05-27T07:03:34.908,03:29.9,07:03:29,0,750,0,#N/A,180.588,-1,0,0,0,0,0,0,0,0
limpid-josh,M1@bmm,8038,1280,32686,1,32686,2236,NULL,19837366,19837288,19837366,19837288,CANCEL,BUY,1,420,2021-05-27T07:03:34.282,2021-05-27T07:03:34.288,03:34.3,07:03:34,0,750,0,#N/A,184.959,1,0,0,0,0,0,0,0,0
limpid-josh,M5@bmm,8042,1280,32686,1,32686,2236,NULL,19837367,19837367,19837367,0,LIMIT,BUY,1,665,2021-05-27T07:03:34.898,2021-05-27T07:03:34.908,03:34.9,07:03:34,0,750,0,#N/A,185.575,1,0,0,0,0,0,0,0,0
limpid-josh,M5@bmm,8042,1280,32686,1,32686,2236,NULL,19837368,19837367,19837367,19837365,LIMIT,BUY,1,600,2021-05-27T07:03:34.904,2021-05-27T07:03:34.908,03:34.9,07:03:34,1,750,600,-150,185.581,1,0,0,0,0,1,0,0,0
limpid-josh,M1@bmm,8038,1280,32686,1,32686,2236,NULL,19837369,19837279,19837369,19837279,CANCEL,BUY,1,450,2021-05-27T07:03:36.768,2021-05-27T07:03:36.774,03:36.8,07:03:36,0,750,0,#N/A,187.445,1,0,0,0,0,0,0,0,0
limpid-josh,M6@bmm,8043,1280,32686,1,32686,2236,NULL,19837370,19837370,19837370,NULL,LIMIT,BUY,1,540,2021-05-27T07:03:37.311,2021-05-27T07:03:37.314,03:37.3,07:03:37,0,750,0,#N/A,187.988,1,0,0,0,0,0,0,0,0
limpid-josh,M1@bmm,8038,1280,32686,1,32686,2236,NULL,19837371,19837278,19837371,19837278,CANCEL,BUY,1,450,2021-05-27T07:03:37.443,2021-05-27T07:03:37.449,03:37.4,07:03:37,0,750,0,#N/A,188.12,1,0,0,0,0,0,0,0,0
limpid-josh,M1@bmm,8038,1280,32686,1,32686,2236,NULL,19837372,19837277,19837372,19837277,CANCEL,BUY,1,450,2021-05-27T07:03:39.570,2021-05-27T07:03:39.577,03:39.6,07:03:39,0,750,0,#N/A,190.247,1,0,0,0,0,0,0,0,0
limpid-josh,M3@bmm,8040,1280,32686,1,32686,2236,NULL,19837373,19837373,19837373,19837379,LIMIT,SELL,1,610,2021-05-27T07:03:39.655,2021-05-27T07:03:51.387,03:39.7,07:03:39,0,750,0,#N/A,190.332,-1,0,0,0,0,0,0,0,0
limpid-josh,M7@bmm,8044,1280,32686,1,32686,2236,NULL,19837374,19837374,19837374,19837376,LIMIT,SELL,1,610,2021-05-27T07:03:39.957,2021-05-27T07:03:42.897,03:40.0,07:03:39,0,750,0,#N/A,190.634,-1,0,0,0,0,0,0,0,0
limpid-josh,M4@bmm,8041,1280,32686,1,32686,2236,NULL,19837375,19837285,19837375,19837285,CANCEL,SELL,1,700,2021-05-27T07:03:40.172,2021-05-27T07:03:40.179,03:40.2,07:03:40,0,750,0,#N/A,190.849,-1,0,0,0,0,0,0,0,0
limpid-josh,M7@bmm,8044,1280,32686,1,32686,2236,NULL,19837376,19837374,19837376,19837374,CANCEL,SELL,1,610,2021-05-27T07:03:42.890,2021-05-27T07:03:42.897,03:42.9,07:03:42,0,750,0,#N/A,193.567,-1,0,0,0,0,0,0,0,0
limpid-josh,M6@bmm,8043,1280,32686,1,32686,2236,NULL,19837377,19837328,19837377,19837328,CANCEL,BUY,1,470,2021-05-27T07:03:45.950,2021-05-27T07:03:45.957,03:46.0,07:03:45,0,750,0,#N/A,196.627,1,0,0,0,0,0,0,0,0
limpid-josh,M8@bmm,8045,1280,32686,1,32686,2236,NULL,19837378,19837378,19837378,19837380,LIMIT,SELL,1,595,2021-05-27T07:03:46.812,2021-05-27T07:03:54.049,03:46.8,07:03:46,0,750,0,#N/A,197.489,-1,0,0,0,0,0,0,0,0
limpid-josh,M3@bmm,8040,1280,32686,1,32686,2236,NULL,19837379,19837373,19837379,19837373,CANCEL,SELL,1,610,2021-05-27T07:03:51.379,2021-05-27T07:03:51.386,03:51.4,07:03:51,0,750,0,#N/A,202.056,-1,0,0,0,0,0,0,0,0
limpid-josh,M2@bmm,8039,1280,32686,1,32686,2236,NULL,19837380,19837380,19837380,19837378,LIMIT,BUY,1,595,2021-05-27T07:03:54.042,2021-05-27T07:03:54.049,03:54.0,07:03:54,1,750,595,-155,204.719,1,0,1,0,0,0,0,0,0
limpid-josh,M7@bmm,8044,1280,32686,1,32686,2236,NULL,19837381,19837381,19837381,19837363,LIMIT,BUY,1,610,2021-05-27T07:03:58.063,2021-05-27T07:03:58.070,03:58.1,07:03:58,1,750,610,-140,208.74,1,0,0,0,0,0,0,1,0
limpid-josh,M6@bmm,8043,1280,32686,1,32686,2236,NULL,19837382,19837382,19837382,NULL,LIMIT,SELL,1,650,2021-05-27T07:04:01.368,2021-05-27T07:04:01.371,04:01.4,07:04:01,0,750,0,#N/A,212.045,-1,0,0,0,0,0,0,0,0
limpid-josh,M7@bmm,8044,1280,32686,1,32686,2236,NULL,19837383,19837383,19837383,19837395,LIMIT,SELL,1,630,2021-05-27T07:04:05.320,2021-05-27T07:04:32.016,04:05.3,07:04:05,0,750,0,#N/A,215.997,-1,0,0,0,0,0,0,0,0
limpid-josh,M3@bmm,8040,1280,32686,1,32686,2236,NULL,19837384,19837384,19837384,19837400,LIMIT,BUY,1,590,2021-05-27T07:04:08.226,2021-05-27T07:04:43.960,04:08.2,07:04:08,0,750,0,#N/A,218.903,1,0,0,0,0,0,0,0,0
limpid-josh,M8@bmm,8045,1280,32686,1,32686,2236,NULL,19837385,19837385,19837385,19837392,LIMIT,SELL,1,620,2021-05-27T07:04:11.487,2021-05-27T07:04:26.341,04:11.5,07:04:11,0,750,0,#N/A,222.164,-1,0,0,0,0,0,0,0,0
limpid-josh,M4@bmm,8041,1280,32686,1,32686,2236,NULL,19837386,19837386,19837386,NULL,LIMIT,SELL,1,610,2021-05-27T07:04:12.392,2021-05-27T07:04:12.396,04:12.4,07:04:12,0,750,0,#N/A,223.069,-1,0,0,0,0,0,0,0,0
limpid-josh,M5@bmm,8042,1280,32686,1,32686,2236,NULL,19837387,19837387,19837387,NULL,LIMIT,SELL,1,885,2021-05-27T07:04:15.316,2021-05-27T07:04:15.319,04:15.3,07:04:15,0,750,0,#N/A,225.993,-1,0,0,0,0,0,0,0,0
limpid-josh,M8@bmm,8045,1280,32686,1,32686,2236,NULL,19837388,19837388,19837388,19837394,LIMIT,SELL,1,605,2021-05-27T07:04:16.888,2021-05-27T07:04:28.051,04:16.9,07:04:16,0,750,0,#N/A,227.565,-1,0,0,0,0,0,0,0,0
limpid-josh,M5@bmm,8042,1280,32686,1,32686,2236,NULL,19837389,19837389,19837389,NULL,LIMIT,SELL,1,885,2021-05-27T07:04:20.843,2021-05-27T07:04:20.846,04:20.8,07:04:20,0,750,0,#N/A,231.52,-1,0,0,0,0,0,0,0,0
limpid-josh,M6@bmm,8043,1280,32686,1,32686,2236,NULL,19837390,19837390,19837390,NULL,LIMIT,SELL,1,630,2021-05-27T07:04:20.990,2021-05-27T07:04:20.993,04:21.0,07:04:20,0,750,0,#N/A,231.667,-1,0,0,0,0,0,0,0,0
limpid-josh,M6@bmm,8043,1280,32686,1,32686,2236,NULL,19837391,19837338,19837391,19837338,CANCEL,SELL,1,635,2021-05-27T07:04:22.679,2021-05-27T07:04:22.685,04:22.7,07:04:22,0,750,0,#N/A,233.356,-1,0,0,0,0,0,0,0,0
limpid-josh,M8@bmm,8045,1280,32686,1,32686,2236,NULL,19837392,19837385,19837392,19837385,CANCEL,SELL,1,620,2021-05-27T07:04:26.335,2021-05-27T07:04:26.340,04:26.3,07:04:26,0,750,0,#N/A,237.012,-1,0,0,0,0,0,0,0,0
limpid-josh,M3@bmm,8040,1280,32686,1,32686,2236,NULL,19837393,19837393,19837393,19837397,LIMIT,SELL,1,600,2021-05-27T07:04:26.671,2021-05-27T07:04:36.537,04:26.7,07:04:26,0,750,0,#N/A,237.348,-1,0,0,0,0,0,0,0,0
limpid-josh,M8@bmm,8045,1280,32686,1,32686,2236,NULL,19837394,19837388,19837394,19837388,CANCEL,SELL,1,605,2021-05-27T07:04:28.045,2021-05-27T07:04:28.051,04:28.0,07:04:28,0,750,0,#N/A,238.722,-1,0,0,0,0,0,0,0,0
limpid-josh,M7@bmm,8044,1280,32686,1,32686,2236,NULL,19837395,19837383,19837395,19837383,CANCEL,SELL,1,630,2021-05-27T07:04:32.009,2021-05-27T07:04:32.015,04:32.0,07:04:32,0,750,0,#N/A,242.686,-1,0,0,0,0,0,0,0,0
limpid-josh,M7@bmm,8044,1280,32686,1,32686,2236,NULL,19837396,19837396,19837396,19837401,LIMIT,SELL,1,605,2021-05-27T07:04:34.774,2021-05-27T07:04:52.125,04:34.8,07:04:34,0,750,0,#N/A,245.451,-1,0,0,0,0,0,0,0,0
limpid-josh,M3@bmm,8040,1280,32686,1,32686,2236,NULL,19837397,19837393,19837397,19837393,CANCEL,SELL,1,600,2021-05-27T07:04:36.531,2021-05-27T07:04:36.537,04:36.5,07:04:36,0,750,0,#N/A,247.208,-1,0,0,0,0,0,0,0,0
limpid-josh,M5@bmm,8042,1280,32686,1,32686,2236,NULL,19837398,19837335,19837398,19837335,CANCEL,BUY,1,570,2021-05-27T07:04:38.764,2021-05-27T07:04:38.770,04:38.8,07:04:38,0,750,0,#N/A,249.441,1,0,0,0,0,0,0,0,0
limpid-josh,M2@bmm,8039,1280,32686,1,32686,2236,NULL,19837399,19837283,19837399,19837283,CANCEL,SELL,1,840,2021-05-27T07:04:43.694,2021-05-27T07:04:43.701,04:43.7,07:04:43,0,750,0,#N/A,254.371,-1,0,0,0,0,0,0,0,0
limpid-josh,M3@bmm,8040,1280,32686,1,32686,2236,NULL,19837400,19837384,19837400,19837384,CANCEL,BUY,1,590,2021-05-27T07:04:43.954,2021-05-27T07:04:43.960,04:44.0,07:04:43,0,750,0,#N/A,254.631,1,0,0,0,0,0,0,0,0
limpid-josh,M8@bmm,8045,1280,32686,1,32686,2236,NULL,19837401,19837401,19837401,19837396,LIMIT,BUY,1,605,2021-05-27T07:04:52.118,2021-05-27T07:04:52.125,04:52.1,07:04:52,1,750,605,-145,262.795,1,0,0,0,0,0,0,0,1
limpid-josh,M2@bmm,8039,1280,32686,1,32686,2236,NULL,19837402,19837402,19837402,NULL,LIMIT,SELL,1,640,2021-05-27T07:04:54.745,2021-05-27T07:04:54.749,04:54.7,07:04:54,0,750,0,#N/A,265.422,-1,0,0,0,0,0,0,0,0
limpid-josh,M3@bmm,8040,1280,32686,1,32686,2236,NULL,19837403,19837403,19837403,19837407,LIMIT,SELL,1,605,2021-05-27T07:05:04.469,2021-05-27T07:05:07.997,05:04.5,07:05:04,0,750,0,#N/A,275.146,-1,0,0,0,0,0,0,0,0
limpid-josh,M8@bmm,8045,1280,32686,1,32686,2236,NULL,19837404,19837404,19837404,0,LIMIT,SELL,1,570,2021-05-27T07:05:07.334,2021-05-27T07:05:07.346,05:07.3,07:05:07,0,750,0,#N/A,278.011,-1,0,0,0,0,0,0,0,0
limpid-josh,M8@bmm,8045,1280,32686,1,32686,2236,NULL,19837405,19837404,19837404,19837356,LIMIT,SELL,1,585,2021-05-27T07:05:07.341,2021-05-27T07:05:07.347,05:07.3,07:05:07,1,750,585,-165,278.018,-1,0,0,0,0,0,0,0,1
limpid-josh,M5@bmm,8042,1280,32686,1,32686,2236,NULL,19837406,19837406,19837406,0,LIMIT,BUY,1,635,2021-05-27T07:05:07.987,2021-05-27T07:05:07.996,05:08.0,07:05:07,0,750,0,#N/A,278.664,1,0,0,0,0,0,0,0,0
limpid-josh,M5@bmm,8042,1280,32686,1,32686,2236,NULL,19837407,19837406,19837406,19837403,LIMIT,BUY,1,605,2021-05-27T07:05:07.993,2021-05-27T07:05:07.997,05:08.0,07:05:07,1,750,605,-145,278.67,1,0,0,0,0,1,0,0,0
limpid-josh,M7@bmm,8044,1280,32686,1,32686,2236,NULL,19837408,19837408,19837408,19837410,LIMIT,BUY,1,590,2021-05-27T07:05:09.583,2021-05-27T07:05:14.162,05:09.6,07:05:09,0,750,0,#N/A,280.26,1,0,0,0,0,0,0,0,0
limpid-josh,M8@bmm,8045,1280,32686,1,32686,2236,NULL,19837409,19837409,19837409,0,LIMIT,SELL,1,570,2021-05-27T07:05:14.152,2021-05-27T07:05:14.162,05:14.2,07:05:14,0,750,0,#N/A,284.829,-1,0,0,0,0,0,0,0,0
limpid-josh,M8@bmm,8045,1280,32686,1,32686,2236,NULL,19837410,19837409,19837409,19837408,LIMIT,SELL,1,590,2021-05-27T07:05:14.159,2021-05-27T07:05:14.162,05:14.2,07:05:14,1,750,590,-160,284.836,-1,0,0,0,0,0,0,0,1
limpid-josh,M4@bmm,8041,1280,32686,1,32686,2236,NULL,19837411,19837411,19837411,NULL,LIMIT,SELL,1,605,2021-05-27T07:05:15.622,2021-05-27T07:05:15.625,05:15.6,07:05:15,0,750,0,#N/A,286.299,-1,0,0,0,0,0,0,0,0
limpid-josh,M4@bmm,8041,1280,32686,1,32686,2236,NULL,19837412,19837412,19837412,NULL,LIMIT,SELL,1,605,2021-05-27T07:05:17.641,2021-05-27T07:05:17.644,05:17.6,07:05:17,0,750,0,#N/A,288.318,-1,0,0,0,0,0,0,0,0
limpid-josh,M7@bmm,8044,1280,32686,1,32686,2236,NULL,19837413,19837413,19837413,NULL,LIMIT,SELL,1,610,2021-05-27T07:05:17.829,2021-05-27T07:05:17.832,05:17.8,07:05:17,0,750,0,#N/A,288.506,-1,0,0,0,0,0,0,0,0
limpid-josh,M8@bmm,8045,1280,32686,1,32686,2236,NULL,19837414,19837414,19837414,19837416,LIMIT,SELL,1,570,2021-05-27T07:05:20.026,2021-05-27T07:05:22.151,05:20.0,07:05:20,0,750,0,#N/A,290.703,-1,0,0,0,0,0,0,0,0
limpid-josh,M2@bmm,8039,1280,32686,1,32686,2236,NULL,19837415,19837415,19837415,0,LIMIT,BUY,1,595,2021-05-27T07:05:22.141,2021-05-27T07:05:22.151,05:22.1,07:05:22,0,750,0,#N/A,292.818,1,0,0,0,0,0,0,0,0
limpid-josh,M2@bmm,8039,1280,32686,1,32686,2236,NULL,19837416,19837415,19837415,19837414,LIMIT,BUY,1,570,2021-05-27T07:05:22.147,2021-05-27T07:05:22.151,05:22.1,07:05:22,1,750,570,-180,292.824,1,0,1,0,0,0,0,0,0
limpid-josh,M3@bmm,8040,1280,32686,1,32686,2236,NULL,19837417,19837417,19837417,NULL,LIMIT,BUY,1,580,2021-05-27T07:05:23.271,2021-05-27T07:05:23.274,05:23.3,07:05:23,0,750,0,#N/A,293.948,1,0,0,0,0,0,0,0,0
limpid-josh,M1@bmm,8038,1280,32687,2,32687,2236,NULL,19837418,19837418,19837418,NULL,LIMIT,BUY,1,500,2021-05-27T07:06:01.057,2021-05-27T07:06:01.061,06:01.1,07:06:01,0,700,0,#N/A,331.734,1,0,0,0,0,0,0,0,0
limpid-josh,M1@bmm,8038,1280,32687,2,32687,2236,NULL,19837419,19837419,19837419,NULL,LIMIT,BUY,1,500,2021-05-27T07:06:01.273,2021-05-27T07:06:01.277,06:01.3,07:06:01,0,700,0,#N/A,331.95,1,0,0,0,0,0,0,0,0
limpid-josh,M4@bmm,8041,1280,32687,2,32687,2236,NULL,19837420,19837420,19837420,19837504,LIMIT,BUY,1,510,2021-05-27T07:06:01.554,2021-05-27T07:08:17.792,06:01.6,07:06:01,0,700,0,#N/A,332.231,1,0,0,0,0,0,0,0,0
limpid-josh,M7@bmm,8044,1280,32687,2,32687,2236,NULL,19837421,19837421,19837421,19837423,LIMIT,BUY,1,635,2021-05-27T07:06:01.680,2021-05-27T07:06:05.179,06:01.7,07:06:01,0,700,0,#N/A,332.357,1,0,0,0,0,0,0,0,0
limpid-josh,M2@bmm,8039,1280,32687,2,32687,2236,NULL,19837422,19837422,19837422,19837544,LIMIT,SELL,1,735,2021-05-27T07:06:04.405,2021-05-27T07:09:14.486,06:04.4,07:06:04,0,700,0,#N/A,335.082,-1,0,0,0,0,0,0,0,0
limpid-josh,M7@bmm,8044,1280,32687,2,32687,2236,NULL,19837423,19837421,19837423,19837421,CANCEL,BUY,1,635,2021-05-27T07:06:05.172,2021-05-27T07:06:05.178,06:05.2,07:06:05,0,700,0,#N/A,335.849,1,0,0,0,0,0,0,0,0
limpid-josh,M7@bmm,8044,1280,32687,2,32687,2236,NULL,19837424,19837424,19837424,19837436,LIMIT,SELL,1,655,2021-05-27T07:06:09.040,2021-05-27T07:06:30.509,06:09.0,07:06:09,0,700,0,#N/A,339.717,-1,0,0,0,0,0,0,0,0
limpid-josh,M7@bmm,8044,1280,32687,2,32687,2236,NULL,19837425,19837425,19837425,19837441,LIMIT,SELL,1,655,2021-05-27T07:06:09.318,2021-05-27T07:06:36.218,06:09.3,07:06:09,0,700,0,#N/A,339.995,-1,0,0,0,0,0,0,0,0
limpid-josh,M1@bmm,8038,1280,32687,2,32687,2236,NULL,19837426,19837426,19837426,19837478,LIMIT,SELL,1,700,2021-05-27T07:06:13.143,2021-05-27T07:07:44.876,06:13.1,07:06:13,0,700,0,#N/A,343.82,-1,0,0,0,0,0,0,0,0
limpid-josh,M6@bmm,8043,1280,32687,2,32687,2236,NULL,19837427,19837427,19837427,19837430,LIMIT,BUY,1,520,2021-05-27T07:06:13.645,2021-05-27T07:06:18.064,06:13.6,07:06:13,0,700,0,#N/A,344.322,1,0,0,0,0,0,0,0,0
limpid-josh,M1@bmm,8038,1280,32687,2,32687,2236,NULL,19837428,19837428,19837428,19837477,LIMIT,SELL,1,700,2021-05-27T07:06:14.573,2021-05-27T07:07:44.338,06:14.6,07:06:14,0,700,0,#N/A,345.25,-1,0,0,0,0,0,0,0,0
limpid-josh,M4@bmm,8041,1280,32687,2,32687,2236,NULL,19837429,19837429,19837429,19837431,LIMIT,SELL,1,610,2021-05-27T07:06:16.462,2021-05-27T07:06:22.655,06:16.5,07:06:16,0,700,0,#N/A,347.139,-1,0,0,0,0,0,0,0,0
limpid-josh,M6@bmm,8043,1280,32687,2,32687,2236,NULL,19837430,19837427,19837430,19837427,CANCEL,BUY,1,520,2021-05-27T07:06:18.057,2021-05-27T07:06:18.064,06:18.1,07:06:18,0,700,0,#N/A,348.734,1,0,0,0,0,0,0,0,0
limpid-josh,M7@bmm,8044,1280,32687,2,32687,2236,NULL,19837431,19837431,19837431,19837429,LIMIT,BUY,1,610,2021-05-27T07:06:22.648,2021-05-27T07:06:22.654,06:22.6,07:06:22,1,700,610,-90,353.325,1,0,0,0,0,0,0,1,0
limpid-josh,M3@bmm,8040,1280,32687,2,32687,2236,NULL,19837432,19837432,19837432,19837434,LIMIT,SELL,1,610,2021-05-27T07:06:24.294,2021-05-27T07:06:25.672,06:24.3,07:06:24,0,700,0,#N/A,354.971,-1,0,0,0,0,0,0,0,0
limpid-josh,M8@bmm,8045,1280,32687,2,32687,2236,NULL,19837433,19837433,19837433,0,LIMIT,BUY,1,665,2021-05-27T07:06:25.661,2021-05-27T07:06:25.672,06:25.7,07:06:25,0,700,0,#N/A,356.338,1,0,0,0,0,0,0,0,0
limpid-josh,M8@bmm,8045,1280,32687,2,32687,2236,NULL,19837434,19837433,19837433,19837432,LIMIT,BUY,1,610,2021-05-27T07:06:25.669,2021-05-27T07:06:25.673,06:25.7,07:06:25,1,700,610,-90,356.346,1,0,0,0,0,0,0,0,1
limpid-josh,M5@bmm,8042,1280,32687,2,32687,2236,NULL,19837435,19837435,19837435,0,LIMIT,BUY,1,670,2021-05-27T07:06:30.499,2021-05-27T07:06:30.509,06:30.5,07:06:30,0,700,0,#N/A,361.176,1,0,0,0,0,0,0,0,0
limpid-josh,M5@bmm,8042,1280,32687,2,32687,2236,NULL,19837436,19837435,19837435,19837424,LIMIT,BUY,1,655,2021-05-27T07:06:30.505,2021-05-27T07:06:30.509,06:30.5,07:06:30,1,700,655,-45,361.182,1,0,0,0,0,1,0,0,0
limpid-josh,M7@bmm,8044,1280,32687,2,32687,2236,NULL,19837437,19837437,19837437,19837439,LIMIT,SELL,1,615,2021-05-27T07:06:33.911,2021-05-27T07:06:35.819,06:33.9,07:06:33,0,700,0,#N/A,364.588,-1,0,0,0,0,0,0,0,0
limpid-josh,M5@bmm,8042,1280,32687,2,32687,2236,NULL,19837438,19837438,19837438,0,LIMIT,BUY,1,670,2021-05-27T07:06:35.802,2021-05-27T07:06:35.819,06:35.8,07:06:35,0,700,0,#N/A,366.479,1,0,0,0,0,0,0,0,0
limpid-josh,M5@bmm,8042,1280,32687,2,32687,2236,NULL,19837439,19837438,19837438,19837437,LIMIT,BUY,1,615,2021-05-27T07:06:35.814,2021-05-27T07:06:35.819,06:35.8,07:06:35,1,700,615,-85,366.491,1,0,0,0,0,1,0,0,0
limpid-josh,M8@bmm,8045,1280,32687,2,32687,2236,NULL,19837440,19837440,19837440,0,LIMIT,BUY,1,665,2021-05-27T07:06:36.208,2021-05-27T07:06:36.217,06:36.2,07:06:36,0,700,0,#N/A,366.885,1,0,0,0,0,0,0,0,0
limpid-josh,M8@bmm,8045,1280,32687,2,32687,2236,NULL,19837441,19837440,19837440,19837425,LIMIT,BUY,1,655,2021-05-27T07:06:36.214,2021-05-27T07:06:36.218,06:36.2,07:06:36,1,700,655,-45,366.891,1,0,0,0,0,0,0,0,1
limpid-josh,M5@bmm,8042,1280,32687,2,32687,2236,NULL,19837442,19837442,19837442,19837448,LIMIT,BUY,1,670,2021-05-27T07:06:40.563,2021-05-27T07:06:48.463,06:40.6,07:06:40,0,700,0,#N/A,371.24,1,0,0,0,0,0,0,0,0
limpid-josh,M1@bmm,8038,1280,32687,2,32687,2236,NULL,19837443,19837443,19837443,19837480,LIMIT,SELL,1,690,2021-05-27T07:06:43.863,2021-05-27T07:07:46.692,06:43.9,07:06:43,0,700,0,#N/A,374.54,-1,0,0,0,0,0,0,0,0
limpid-josh,M2@bmm,8039,1280,32687,2,32687,2236,NULL,19837444,19837444,19837444,19837452,LIMIT,BUY,1,610,2021-05-27T07:06:45.252,2021-05-27T07:06:53.468,06:45.3,07:06:45,0,700,0,#N/A,375.929,1,0,0,0,0,0,0,0,0
limpid-josh,M6@bmm,8043,1280,32687,2,32687,2236,NULL,19837445,19837445,19837445,19837468,LIMIT,SELL,1,675,2021-05-27T07:06:45.585,2021-05-27T07:07:30.482,06:45.6,07:06:45,0,700,0,#N/A,376.262,-1,0,0,0,0,0,0,0,0
limpid-josh,M4@bmm,8041,1280,32687,2,32687,2236,NULL,19837446,19837446,19837446,NULL,LIMIT,SELL,1,705,2021-05-27T07:06:46.600,2021-05-27T07:06:46.603,06:46.6,07:06:46,0,700,0,#N/A,377.277,-1,0,0,0,0,0,0,0,0
limpid-josh,M7@bmm,8044,1280,32687,2,32687,2236,NULL,19837447,19837447,19837447,0,LIMIT,SELL,1,640,2021-05-27T07:06:48.454,2021-05-27T07:06:48.463,06:48.5,07:06:48,0,700,0,#N/A,379.131,-1,0,0,0,0,0,0,0,0
limpid-josh,M7@bmm,8044,1280,32687,2,32687,2236,NULL,19837448,19837447,19837447,19837442,LIMIT,SELL,1,670,2021-05-27T07:06:48.460,2021-05-27T07:06:48.463,06:48.5,07:06:48,1,700,670,-30,379.137,-1,0,0,0,0,0,0,1,0
limpid-josh,M1@bmm,8038,1280,32687,2,32687,2236,NULL,19837449,19837449,19837449,19837503,LIMIT,SELL,1,670,2021-05-27T07:06:48.693,2021-05-27T07:08:15.631,06:48.7,07:06:48,0,700,0,#N/A,379.37,-1,0,0,0,0,0,0,0,0
limpid-josh,M7@bmm,8044,1280,32687,2,32687,2236,NULL,19837450,19837450,19837450,19837495,LIMIT,SELL,1,650,2021-05-27T07:06:51.352,2021-05-27T07:08:10.642,06:51.4,07:06:51,0,700,0,#N/A,382.029,-1,0,0,0,0,0,0,0,0
limpid-josh,M3@bmm,8040,1280,32687,2,32687,2236,NULL,19837451,19837451,19837451,0,LIMIT,SELL,1,605,2021-05-27T07:06:53.457,2021-05-27T07:06:53.468,06:53.5,07:06:53,0,700,0,#N/A,384.134,-1,0,0,0,0,0,0,0,0
limpid-josh,M3@bmm,8040,1280,32687,2,32687,2236,NULL,19837452,19837451,19837451,19837444,LIMIT,SELL,1,610,2021-05-27T07:06:53.465,2021-05-27T07:06:53.468,06:53.5,07:06:53,1,700,610,-90,384.142,-1,0,0,1,0,0,0,0,0
limpid-josh,M8@bmm,8045,1280,32687,2,32687,2236,NULL,19837453,19837453,19837453,19837494,LIMIT,SELL,1,640,2021-05-27T07:06:54.221,2021-05-27T07:08:10.636,06:54.2,07:06:54,0,700,0,#N/A,384.898,-1,0,0,0,0,0,0,0,0
limpid-josh,M7@bmm,8044,1280,32687,2,32687,2236,NULL,19837454,19837454,19837454,19837464,LIMIT,BUY,1,600,2021-05-27T07:06:58.177,2021-05-27T07:07:22.199,06:58.2,07:06:58,0,700,0,#N/A,388.854,1,0,0,0,0,0,0,0,0
limpid-josh,M6@bmm,8043,1280,32687,2,32687,2236,NULL,19837455,19837455,19837455,NULL,LIMIT,BUY,1,515,2021-05-27T07:07:00.391,2021-05-27T07:07:00.395,07:00.4,07:07:00,0,700,0,#N/A,391.068,1,0,0,0,0,0,0,0,0
limpid-josh,M5@bmm,8042,1280,32687,2,32687,2236,NULL,19837456,19837456,19837456,19837538,LIMIT,SELL,1,790,2021-05-27T07:07:01.340,2021-05-27T07:08:50.691,07:01.3,07:07:01,0,700,0,#N/A,392.017,-1,0,0,0,0,0,0,0,0
limpid-josh,M7@bmm,8044,1280,32687,2,32687,2236,NULL,19837457,19837457,19837457,19837460,LIMIT,BUY,1,605,2021-05-27T07:07:01.575,2021-05-27T07:07:06.167,07:01.6,07:07:01,0,700,0,#N/A,392.252,1,0,0,0,0,0,0,0,0
limpid-josh,M7@bmm,8044,1280,32687,2,32687,2236,NULL,19837458,19837458,19837458,NULL,LIMIT,BUY,1,590,2021-05-27T07:07:04.872,2021-05-27T07:07:04.875,07:04.9,07:07:04,0,700,0,#N/A,395.549,1,0,0,0,0,0,0,0,0
limpid-josh,M8@bmm,8045,1280,32687,2,32687,2236,NULL,19837459,19837459,19837459,0,LIMIT,SELL,1,490,2021-05-27T07:07:06.156,2021-05-27T07:07:06.166,07:06.2,07:07:06,0,700,0,#N/A,396.833,-1,0,0,0,0,0,0,0,0
limpid-josh,M8@bmm,8045,1280,32687,2,32687,2236,NULL,19837460,19837459,19837459,19837457,LIMIT,SELL,1,605,2021-05-27T07:07:06.163,2021-05-27T07:07:06.167,07:06.2,07:07:06,1,700,605,-95,396.84,-1,0,0,0,0,0,0,0,1
limpid-josh,M3@bmm,8040,1280,32687,2,32687,2236,NULL,19837461,19837461,19837461,19837529,LIMIT,BUY,1,555,2021-05-27T07:07:20.066,2021-05-27T07:08:44.474,07:20.1,07:07:20,0,700,0,#N/A,410.743,1,0,0,0,0,0,0,0,0
limpid-josh,M5@bmm,8042,1280,32687,2,32687,2236,NULL,19837462,19837462,19837462,19837470,LIMIT,BUY,1,600,2021-05-27T07:07:21.378,2021-05-27T07:07:38.810,07:21.4,07:07:21,0,700,0,#N/A,412.055,1,0,0,0,0,0,0,0,0
limpid-josh,M8@bmm,8045,1280,32687,2,32687,2236,NULL,19837463,19837463,19837463,0,LIMIT,SELL,1,590,2021-05-27T07:07:22.188,2021-05-27T07:07:22.199,07:22.2,07:07:22,0,700,0,#N/A,412.865,-1,0,0,0,0,0,0,0,0
limpid-josh,M8@bmm,8045,1280,32687,2,32687,2236,NULL,19837464,19837463,19837463,19837454,LIMIT,SELL,1,600,2021-05-27T07:07:22.196,2021-05-27T07:07:22.200,07:22.2,07:07:22,1,700,600,-100,412.873,-1,0,0,0,0,0,0,0,1
limpid-josh,M7@bmm,8044,1280,32687,2,32687,2236,NULL,19837465,19837465,19837465,19837492,LIMIT,SELL,1,630,2021-05-27T07:07:22.974,2021-05-27T07:08:08.782,07:23.0,07:07:22,0,700,0,#N/A,413.651,-1,0,0,0,0,0,0,0,0
limpid-josh,M5@bmm,8042,1280,32687,2,32687,2236,NULL,19837466,19837466,19837466,19837528,LIMIT,BUY,1,600,2021-05-27T07:07:25.227,2021-05-27T07:08:44.243,07:25.2,07:07:25,0,700,0,#N/A,415.904,1,0,0,0,0,0,0,0,0
limpid-josh,M6@bmm,8043,1280,32687,2,32687,2236,NULL,19837467,19837467,19837467,19837491,LIMIT,SELL,1,625,2021-05-27T07:07:25.877,2021-05-27T07:08:08.782,07:25.9,07:07:25,0,700,0,#N/A,416.554,-1,0,0,0,0,0,0,0,0
limpid-josh,M6@bmm,8043,1280,32687,2,32687,2236,NULL,19837468,19837445,19837468,19837445,CANCEL,SELL,1,675,2021-05-27T07:07:30.473,2021-05-27T07:07:30.481,07:30.5,07:07:30,0,700,0,#N/A,421.15,-1,0,0,0,0,0,0,0,0
limpid-josh,M3@bmm,8040,1280,32687,2,32687,2236,NULL,19837469,19837469,19837469,0,LIMIT,SELL,1,585,2021-05-27T07:07:38.798,2021-05-27T07:07:38.810,07:38.8,07:07:38,0,700,0,#N/A,429.475,-1,0,0,0,0,0,0,0,0
limpid-josh,M3@bmm,8040,1280,32687,2,32687,2236,NULL,19837470,19837469,19837469,19837462,LIMIT,SELL,1,600,2021-05-27T07:07:38.806,2021-05-27T07:07:38.810,07:38.8,07:07:38,1,700,600,-100,429.483,-1,0,0,1,0,0,0,0,0
limpid-josh,M1@bmm,8038,1280,32687,2,32687,2236,NULL,19837471,19837471,19837471,19837497,LIMIT,SELL,1,650,2021-05-27T07:07:38.885,2021-05-27T07:08:12.835,07:38.9,07:07:38,0,700,0,#N/A,429.562,-1,0,0,0,0,0,0,0,0
limpid-josh,M8@bmm,8045,1280,32687,2,32687,2236,NULL,19837472,19837472,19837472,19837475,LIMIT,BUY,2,460,2021-05-27T07:07:38.966,2021-05-27T07:07:43.005,07:39.0,07:07:38,0,700,0,#N/A,429.643,1,0,0,0,0,0,0,0,0
limpid-josh,M5@bmm,8042,1280,32687,2,32687,2236,NULL,19837473,19837473,19837473,19837536,LIMIT,SELL,1,825,2021-05-27T07:07:41.314,2021-05-27T07:08:48.243,07:41.3,07:07:41,0,700,0,#N/A,431.991,-1,0,0,0,0,0,0,0,0
limpid-josh,M1@bmm,8038,1280,32687,2,32687,2236,NULL,19837474,19837474,19837474,19837498,LIMIT,SELL,1,650,2021-05-27T07:07:42.903,2021-05-27T07:08:12.836,07:42.9,07:07:42,0,700,0,#N/A,433.58,-1,0,0,0,0,0,0,0,0
limpid-josh,M8@bmm,8045,1280,32687,2,32687,2236,NULL,19837475,19837472,19837475,19837472,CANCEL,BUY,2,460,2021-05-27T07:07:42.998,2021-05-27T07:07:43.004,07:43.0,07:07:42,0,700,0,#N/A,433.675,1,0,0,0,0,0,0,0,0
limpid-josh,M4@bmm,8041,1280,32687,2,32687,2236,NULL,19837476,19837476,19837476,19837484,LIMIT,BUY,1,605,2021-05-27T07:07:44.112,2021-05-27T07:07:59.403,07:44.1,07:07:44,0,700,0,#N/A,434.789,1,0,0,0,0,0,0,0,0
limpid-josh,M1@bmm,8038,1280,32687,2,32687,2236,NULL,19837477,19837428,19837477,19837428,CANCEL,SELL,1,700,2021-05-27T07:07:44.323,2021-05-27T07:07:44.337,07:44.3,07:07:44,0,700,0,#N/A,435,-1,0,0,0,0,0,0,0,0
limpid-josh,M1@bmm,8038,1280,32687,2,32687,2236,NULL,19837478,19837426,19837478,19837426,CANCEL,SELL,1,700,2021-05-27T07:07:44.870,2021-05-27T07:07:44.876,07:44.9,07:07:44,0,700,0,#N/A,435.547,-1,0,0,0,0,0,0,0,0
limpid-josh,M6@bmm,8043,1280,32687,2,32687,2236,NULL,19837479,19837479,19837479,19837500,LIMIT,SELL,1,650,2021-05-27T07:07:46.041,2021-05-27T07:08:15.482,07:46.0,07:07:46,0,700,0,#N/A,436.718,-1,0,0,0,0,0,0,0,0
limpid-josh,M1@bmm,8038,1280,32687,2,32687,2236,NULL,19837480,19837443,19837480,19837443,CANCEL,SELL,1,690,2021-05-27T07:07:46.686,2021-05-27T07:07:46.692,07:46.7,07:07:46,0,700,0,#N/A,437.363,-1,0,0,0,0,0,0,0,0
limpid-josh,M8@bmm,8045,1280,32687,2,32687,2236,NULL,19837481,19837481,19837481,19837482,LIMIT,BUY,2,515,2021-05-27T07:07:52.832,2021-05-27T07:07:54.622,07:52.8,07:07:52,0,700,0,#N/A,443.509,1,0,0,0,0,0,0,0,0
limpid-josh,M8@bmm,8045,1280,32687,2,32687,2236,NULL,19837482,19837481,19837482,19837481,CANCEL,BUY,2,515,2021-05-27T07:07:54.616,2021-05-27T07:07:54.622,07:54.6,07:07:54,0,700,0,#N/A,445.293,1,0,0,0,0,0,0,0,0
limpid-josh,M3@bmm,8040,1280,32687,2,32687,2236,NULL,19837483,19837483,19837483,0,LIMIT,SELL,1,585,2021-05-27T07:07:59.385,2021-05-27T07:07:59.403,07:59.4,07:07:59,0,700,0,#N/A,450.062,-1,0,0,0,0,0,0,0,0
limpid-josh,M3@bmm,8040,1280,32687,2,32687,2236,NULL,19837484,19837483,19837483,19837476,LIMIT,SELL,1,605,2021-05-27T07:07:59.399,2021-05-27T07:07:59.403,07:59.4,07:07:59,1,700,605,-95,450.076,-1,0,0,1,0,0,0,0,0
limpid-josh,M2@bmm,8039,1280,32687,2,32687,2236,NULL,19837485,19837485,19837485,19837527,LIMIT,BUY,1,610,2021-05-27T07:07:59.999,2021-05-27T07:08:44.242,08:00.0,07:07:59,0,700,0,#N/A,450.676,1,0,0,0,0,0,0,0,0
limpid-josh,M8@bmm,8045,1280,32687,2,32687,2236,NULL,19837486,19837486,19837486,19837487,LIMIT,BUY,2,445,2021-05-27T07:08:00.269,2021-05-27T07:08:02.294,08:00.3,07:08:00,0,700,0,#N/A,450.946,1,0,0,0,0,0,0,0,0
limpid-josh,M8@bmm,8045,1280,32687,2,32687,2236,NULL,19837487,19837486,19837487,19837486,CANCEL,BUY,2,445,2021-05-27T07:08:02.287,2021-05-27T07:08:02.294,08:02.3,07:08:02,0,700,0,#N/A,452.964,1,0,0,0,0,0,0,0,0
limpid-josh,M1@bmm,8038,1280,32687,2,32687,2236,NULL,19837488,19837488,19837488,19837522,LIMIT,BUY,1,615,2021-05-27T07:08:05.351,2021-05-27T07:08:37.571,08:05.4,07:08:05,0,700,0,#N/A,456.028,1,0,0,0,0,0,0,0,0
limpid-josh,M1@bmm,8038,1280,32687,2,32687,2236,NULL,19837489,19837489,19837489,19837523,LIMIT,BUY,1,615,2021-05-27T07:08:05.822,2021-05-27T07:08:37.571,08:05.8,07:08:05,0,700,0,#N/A,456.499,1,0,0,0,0,0,0,0,0
limpid-josh,M8@bmm,8045,1280,32687,2,32687,2236,NULL,19837490,19837490,19837490,0,LIMIT,BUY,2,655,2021-05-27T07:08:08.768,2021-05-27T07:08:08.782,08:08.8,07:08:08,0,700,0,#N/A,459.445,1,0,0,0,0,0,0,0,0
limpid-josh,M8@bmm,8045,1280,32687,2,32687,2236,NULL,19837491,19837490,19837490,19837467,LIMIT,BUY,1,625,2021-05-27T07:08:08.774,2021-05-27T07:08:08.782,08:08.8,07:08:08,1,700,625,-75,459.451,1,0,0,0,0,0,0,0,1
limpid-josh,M8@bmm,8045,1280,32687,2,32687,2236,NULL,19837492,19837490,19837490,19837465,LIMIT,BUY,1,630,2021-05-27T07:08:08.778,2021-05-27T07:08:08.783,08:08.8,07:08:08,1,700,630,-70,459.455,1,0,0,0,0,0,0,0,1
limpid-josh,M8@bmm,8045,1280,32687,2,32687,2236,NULL,19837493,19837493,19837493,0,LIMIT,BUY,2,655,2021-05-27T07:08:10.620,2021-05-27T07:08:10.629,08:10.6,07:08:10,0,700,0,#N/A,461.297,1,0,0,0,0,0,0,0,0
limpid-josh,M8@bmm,8045,1280,32687,2,32687,2236,NULL,19837494,19837493,19837493,19837453,LIMIT,BUY,1,640,2021-05-27T07:08:10.626,2021-05-27T07:08:10.630,08:10.6,07:08:10,1,700,640,-60,461.303,1,0,0,0,0,0,0,0,1
limpid-josh,M8@bmm,8045,1280,32687,2,32687,2236,NULL,19837495,19837493,19837493,19837450,LIMIT,BUY,1,650,2021-05-27T07:08:10.639,2021-05-27T07:08:10.642,08:10.6,07:08:10,1,700,650,-50,461.316,1,0,0,0,0,0,0,0,1
limpid-josh,M8@bmm,8045,1280,32687,2,32687,2236,NULL,19837496,19837496,19837496,0,LIMIT,BUY,2,655,2021-05-27T07:08:12.822,2021-05-27T07:08:12.835,08:12.8,07:08:12,0,700,0,#N/A,463.499,1,0,0,0,0,0,0,0,0
limpid-josh,M8@bmm,8045,1280,32687,2,32687,2236,NULL,19837497,19837496,19837496,19837471,LIMIT,BUY,1,650,2021-05-27T07:08:12.828,2021-05-27T07:08:12.836,08:12.8,07:08:12,1,700,650,-50,463.505,1,0,0,0,0,0,0,0,1
limpid-josh,M8@bmm,8045,1280,32687,2,32687,2236,NULL,19837498,19837496,19837496,19837474,LIMIT,BUY,1,650,2021-05-27T07:08:12.831,2021-05-27T07:08:12.836,08:12.8,07:08:12,1,700,650,-50,463.508,1,0,0,0,0,0,0,0,1
limpid-josh,M8@bmm,8045,1280,32687,2,32687,2236,NULL,19837499,19837499,19837499,0,LIMIT,BUY,2,655,2021-05-27T07:08:15.469,2021-05-27T07:08:15.482,08:15.5,07:08:15,0,700,0,#N/A,466.146,1,0,0,0,0,0,0,0,0
limpid-josh,M8@bmm,8045,1280,32687,2,32687,2236,NULL,19837500,19837499,19837499,19837479,LIMIT,BUY,1,650,2021-05-27T07:08:15.476,2021-05-27T07:08:15.482,08:15.5,07:08:15,1,700,650,-50,466.153,1,0,0,0,0,0,0,0,1
limpid-josh,M8@bmm,8045,1280,32687,2,32687,2236,NULL,19837501,19837499,19837499,19837508,LIMIT,BUY,1,655,2021-05-27T07:08:15.469,2021-05-27T07:08:20.285,08:15.5,07:08:15,0,700,0,#N/A,466.146,1,0,0,0,0,0,0,0,0
limpid-josh,M5@bmm,8042,1280,32687,2,32687,2236,NULL,19837502,19837502,19837502,0,LIMIT,BUY,1,700,2021-05-27T07:08:15.619,2021-05-27T07:08:15.631,08:15.6,07:08:15,0,700,0,#N/A,466.296,1,0,0,0,0,0,0,0,0
limpid-josh,M5@bmm,8042,1280,32687,2,32687,2236,NULL,19837503,19837502,19837502,19837449,LIMIT,BUY,1,670,2021-05-27T07:08:15.627,2021-05-27T07:08:15.631,08:15.6,07:08:15,1,700,670,-30,466.304,1,0,0,0,0,1,0,0,0
limpid-josh,M4@bmm,8041,1280,32687,2,32687,2236,NULL,19837504,19837420,19837504,19837420,CANCEL,BUY,1,510,2021-05-27T07:08:17.786,2021-05-27T07:08:17.792,08:17.8,07:08:17,0,700,0,#N/A,468.463,1,0,0,0,0,0,0,0,0
limpid-josh,M5@bmm,8042,1280,32687,2,32687,2236,NULL,19837505,19837505,19837505,19837557,LIMIT,BUY,1,560,2021-05-27T07:08:19.274,2021-05-27T07:10:00.737,08:19.3,07:08:19,0,700,0,#N/A,469.951,1,0,0,0,0,0,0,0,0
limpid-josh,M6@bmm,8043,1280,32687,2,32687,2236,NULL,19837506,19837506,19837506,19837510,LIMIT,SELL,1,690,2021-05-27T07:08:20.147,2021-05-27T07:08:24.427,08:20.1,07:08:20,0,700,0,#N/A,470.824,-1,0,0,0,0,0,0,0,0
limpid-josh,M2@bmm,8039,1280,32687,2,32687,2236,NULL,19837507,19837507,19837507,0,LIMIT,SELL,1,650,2021-05-27T07:08:20.276,2021-05-27T07:08:20.285,08:20.3,07:08:20,0,700,0,#N/A,470.953,-1,0,0,0,0,0,0,0,0
limpid-josh,M2@bmm,8039,1280,32687,2,32687,2236,NULL,19837508,19837507,19837507,19837501,LIMIT,SELL,1,655,2021-05-27T07:08:20.282,2021-05-27T07:08:20.286,08:20.3,07:08:20,1,700,655,-45,470.959,-1,0,1,0,0,0,0,0,0
limpid-josh,M8@bmm,8045,1280,32687,2,32687,2236,NULL,19837509,19837509,19837509,0,LIMIT,BUY,2,690,2021-05-27T07:08:24.414,2021-05-27T07:08:24.426,08:24.4,07:08:24,0,700,0,#N/A,475.091,1,0,0,0,0,0,0,0,0
limpid-josh,M8@bmm,8045,1280,32687,2,32687,2236,NULL,19837510,19837509,19837509,19837506,LIMIT,BUY,1,690,2021-05-27T07:08:24.420,2021-05-27T07:08:24.427,08:24.4,07:08:24,1,700,690,-10,475.097,1,0,0,0,0,0,0,0,1
limpid-josh,M8@bmm,8045,1280,32687,2,32687,2236,NULL,19837511,19837509,19837509,19837516,LIMIT,BUY,1,690,2021-05-27T07:08:24.414,2021-05-27T07:08:28.242,08:24.4,07:08:24,0,700,0,#N/A,475.091,1,0,0,0,0,0,0,0,0
limpid-josh,M1@bmm,8038,1280,32687,2,32687,2236,NULL,19837512,19837512,19837512,NULL,LIMIT,SELL,1,700,2021-05-27T07:08:26.184,2021-05-27T07:08:26.187,08:26.2,07:08:26,0,700,0,#N/A,476.861,-1,0,0,0,0,0,0,0,0
limpid-josh,M1@bmm,8038,1280,32687,2,32687,2236,NULL,19837513,19837513,19837513,NULL,LIMIT,SELL,1,700,2021-05-27T07:08:26.710,2021-05-27T07:08:26.713,08:26.7,07:08:26,0,700,0,#N/A,477.387,-1,0,0,0,0,0,0,0,0
limpid-josh,M1@bmm,8038,1280,32687,2,32687,2236,NULL,19837514,19837514,19837514,NULL,LIMIT,SELL,1,700,2021-05-27T07:08:27.463,2021-05-27T07:08:27.466,08:27.5,07:08:27,0,700,0,#N/A,478.14,-1,0,0,0,0,0,0,0,0
limpid-josh,M7@bmm,8044,1280,32687,2,32687,2236,NULL,19837515,19837515,19837515,0,LIMIT,SELL,1,650,2021-05-27T07:08:28.230,2021-05-27T07:08:28.241,08:28.2,07:08:28,0,700,0,#N/A,478.907,-1,0,0,0,0,0,0,0,0
limpid-josh,M7@bmm,8044,1280,32687,2,32687,2236,NULL,19837516,19837515,19837515,19837511,LIMIT,SELL,1,690,2021-05-27T07:08:28.237,2021-05-27T07:08:28.242,08:28.2,07:08:28,1,700,690,-10,478.914,-1,0,0,0,0,0,0,1,0
limpid-josh,M2@bmm,8039,1280,32687,2,32687,2236,NULL,19837517,19837517,19837517,19837579,LIMIT,SELL,1,650,2021-05-27T07:08:29.659,2021-05-27T07:10:36.208,08:29.7,07:08:29,0,700,0,#N/A,480.336,-1,0,0,0,0,0,0,0,0
limpid-josh,M3@bmm,8040,1280,32687,2,32687,2236,NULL,19837518,19837518,19837518,19837558,LIMIT,SELL,1,700,2021-05-27T07:08:32.270,2021-05-27T07:10:03.161,08:32.3,07:08:32,0,700,0,#N/A,482.947,-1,0,0,0,0,0,0,0,0
limpid-josh,M4@bmm,8041,1280,32687,2,32687,2236,NULL,19837519,19837519,19837519,NULL,LIMIT,SELL,1,670,2021-05-27T07:08:33.002,2021-05-27T07:08:33.005,08:33.0,07:08:33,0,700,0,#N/A,483.679,-1,0,0,0,0,0,0,0,0
limpid-josh,M7@bmm,8044,1280,32687,2,32687,2236,NULL,19837520,19837520,19837520,NULL,LIMIT,SELL,1,670,2021-05-27T07:08:35.142,2021-05-27T07:08:35.146,08:35.1,07:08:35,0,700,0,#N/A,485.819,-1,0,0,0,0,0,0,0,0
limpid-josh,M8@bmm,8045,1280,32687,2,32687,2236,NULL,19837521,19837521,19837521,0,LIMIT,SELL,2,525,2021-05-27T07:08:37.558,2021-05-27T07:08:37.571,08:37.6,07:08:37,0,700,0,#N/A,488.235,-1,0,0,0,0,0,0,0,0
limpid-josh,M8@bmm,8045,1280,32687,2,32687,2236,NULL,19837522,19837521,19837521,19837488,LIMIT,SELL,1,615,2021-05-27T07:08:37.564,2021-05-27T07:08:37.571,08:37.6,07:08:37,1,700,615,-85,488.241,-1,0,0,0,0,0,0,0,1
limpid-josh,M8@bmm,8045,1280,32687,2,32687,2236,NULL,19837523,19837521,19837521,19837489,LIMIT,SELL,1,615,2021-05-27T07:08:37.568,2021-05-27T07:08:37.572,08:37.6,07:08:37,1,700,615,-85,488.245,-1,0,0,0,0,0,0,0,1
limpid-josh,M7@bmm,8044,1280,32687,2,32687,2236,NULL,19837524,19837524,19837524,NULL,LIMIT,SELL,1,660,2021-05-27T07:08:39.383,2021-05-27T07:08:39.386,08:39.4,07:08:39,0,700,0,#N/A,490.06,-1,0,0,0,0,0,0,0,0
limpid-josh,M5@bmm,8042,1280,32687,2,32687,2236,NULL,19837525,19837525,19837525,NULL,LIMIT,SELL,1,680,2021-05-27T07:08:40.058,2021-05-27T07:08:40.061,08:40.1,07:08:40,0,700,0,#N/A,490.735,-1,0,0,0,0,0,0,0,0
limpid-josh,M8@bmm,8045,1280,32687,2,32687,2236,NULL,19837526,19837526,19837526,0,LIMIT,SELL,2,525,2021-05-27T07:08:44.230,2021-05-27T07:08:44.242,08:44.2,07:08:44,0,700,0,#N/A,494.907,-1,0,0,0,0,0,0,0,0
limpid-josh,M8@bmm,8045,1280,32687,2,32687,2236,NULL,19837527,19837526,19837526,19837485,LIMIT,SELL,1,610,2021-05-27T07:08:44.236,2021-05-27T07:08:44.243,08:44.2,07:08:44,1,700,610,-90,494.913,-1,0,0,0,0,0,0,0,1
limpid-josh,M8@bmm,8045,1280,32687,2,32687,2236,NULL,19837528,19837526,19837526,19837466,LIMIT,SELL,1,600,2021-05-27T07:08:44.239,2021-05-27T07:08:44.243,08:44.2,07:08:44,1,700,600,-100,494.916,-1,0,0,0,0,0,0,0,1
limpid-josh,M3@bmm,8040,1280,32687,2,32687,2236,NULL,19837529,19837461,19837529,19837461,CANCEL,BUY,1,555,2021-05-27T07:08:44.468,2021-05-27T07:08:44.474,08:44.5,07:08:44,0,700,0,#N/A,495.145,1,0,0,0,0,0,0,0,0
limpid-josh,M1@bmm,8038,1280,32687,2,32687,2236,NULL,19837530,19837530,19837530,19837533,LIMIT,BUY,1,615,2021-05-27T07:08:44.481,2021-05-27T07:08:46.738,08:44.5,07:08:44,0,700,0,#N/A,495.158,1,0,0,0,0,0,0,0,0
limpid-josh,M1@bmm,8038,1280,32687,2,32687,2236,NULL,19837531,19837531,19837531,19837534,LIMIT,BUY,1,615,2021-05-27T07:08:45.278,2021-05-27T07:08:46.739,08:45.3,07:08:45,0,700,0,#N/A,495.955,1,0,0,0,0,0,0,0,0
limpid-josh,M8@bmm,8045,1280,32687,2,32687,2236,NULL,19837532,19837532,19837532,0,LIMIT,SELL,2,525,2021-05-27T07:08:46.725,2021-05-27T07:08:46.738,08:46.7,07:08:46,0,700,0,#N/A,497.402,-1,0,0,0,0,0,0,0,0
limpid-josh,M8@bmm,8045,1280,32687,2,32687,2236,NULL,19837533,19837532,19837532,19837530,LIMIT,SELL,1,615,2021-05-27T07:08:46.731,2021-05-27T07:08:46.738,08:46.7,07:08:46,1,700,615,-85,497.408,-1,0,0,0,0,0,0,0,1
limpid-josh,M8@bmm,8045,1280,32687,2,32687,2236,NULL,19837534,19837532,19837532,19837531,LIMIT,SELL,1,615,2021-05-27T07:08:46.735,2021-05-27T07:08:46.739,08:46.7,07:08:46,1,700,615,-85,497.412,-1,0,0,0,0,0,0,0,1
limpid-josh,M7@bmm,8044,1280,32687,2,32687,2236,NULL,19837535,19837535,19837535,19837547,LIMIT,BUY,1,615,2021-05-27T07:08:47.592,2021-05-27T07:09:22.596,08:47.6,07:08:47,0,700,0,#N/A,498.269,1,0,0,0,0,0,0,0,0
limpid-josh,M5@bmm,8042,1280,32687,2,32687,2236,NULL,19837536,19837473,19837536,19837473,CANCEL,SELL,1,825,2021-05-27T07:08:48.235,2021-05-27T07:08:48.243,08:48.2,07:08:48,0,700,0,#N/A,498.912,-1,0,0,0,0,0,0,0,0
limpid-josh,M6@bmm,8043,1280,32687,2,32687,2236,NULL,19837537,19837537,19837537,NULL,LIMIT,BUY,1,580,2021-05-27T07:08:48.609,2021-05-27T07:08:48.612,08:48.6,07:08:48,0,700,0,#N/A,499.286,1,0,0,0,0,0,0,0,0
limpid-josh,M5@bmm,8042,1280,32687,2,32687,2236,NULL,19837538,19837456,19837538,19837456,CANCEL,SELL,1,790,2021-05-27T07:08:50.681,2021-05-27T07:08:50.689,08:50.7,07:08:50,0,700,0,#N/A,501.358,-1,0,0,0,0,0,0,0,0
limpid-josh,M7@bmm,8044,1280,32687,2,32687,2236,NULL,19837539,19837539,19837539,19837548,LIMIT,BUY,1,605,2021-05-27T07:08:51.129,2021-05-27T07:09:22.597,08:51.1,07:08:51,0,700,0,#N/A,501.806,1,0,0,0,0,0,0,0,0
limpid-josh,M3@bmm,8040,1280,32687,2,32687,2236,NULL,19837540,19837540,19837540,NULL,LIMIT,BUY,1,585,2021-05-27T07:08:51.770,2021-05-27T07:08:51.773,08:51.8,07:08:51,0,700,0,#N/A,502.447,1,0,0,0,0,0,0,0,0
limpid-josh,M7@bmm,8044,1280,32687,2,32687,2236,NULL,19837541,19837541,19837541,19837568,LIMIT,BUY,1,600,2021-05-27T07:08:52.639,2021-05-27T07:10:10.197,08:52.6,07:08:52,0,700,0,#N/A,503.316,1,0,0,0,0,0,0,0,0
limpid-josh,M4@bmm,8041,1280,32687,2,32687,2236,NULL,19837542,19837542,19837542,19837543,LIMIT,SELL,1,620,2021-05-27T07:08:54.298,2021-05-27T07:09:00.212,08:54.3,07:08:54,0,700,0,#N/A,504.975,-1,0,0,0,0,0,0,0,0
limpid-josh,M2@bmm,8039,1280,32687,2,32687,2236,NULL,19837543,19837543,19837543,19837542,LIMIT,BUY,1,620,2021-05-27T07:09:00.206,2021-05-27T07:09:00.212,09:00.2,07:09:00,1,700,620,-80,510.883,1,0,1,0,0,0,0,0,0
limpid-josh,M2@bmm,8039,1280,32687,2,32687,2236,NULL,19837544,19837422,19837544,19837422,CANCEL,SELL,1,735,2021-05-27T07:09:14.480,2021-05-27T07:09:14.486,09:14.5,07:09:14,0,700,0,#N/A,525.157,-1,0,0,0,0,0,0,0,0
limpid-josh,M6@bmm,8043,1280,32687,2,32687,2236,NULL,19837545,19837545,19837545,NULL,LIMIT,SELL,1,650,2021-05-27T07:09:18.218,2021-05-27T07:09:18.221,09:18.2,07:09:18,0,700,0,#N/A,528.895,-1,0,0,0,0,0,0,0,0
limpid-josh,M8@bmm,8045,1280,32687,2,32687,2236,NULL,19837546,19837546,19837546,0,LIMIT,SELL,2,595,2021-05-27T07:09:22.583,2021-05-27T07:09:22.596,09:22.6,07:09:22,0,700,0,#N/A,533.26,-1,0,0,0,0,0,0,0,0
limpid-josh,M8@bmm,8045,1280,32687,2,32687,2236,NULL,19837547,19837546,19837546,19837535,LIMIT,SELL,1,615,2021-05-27T07:09:22.590,2021-05-27T07:09:22.597,09:22.6,07:09:22,1,700,615,-85,533.267,-1,0,0,0,0,0,0,0,1
limpid-josh,M8@bmm,8045,1280,32687,2,32687,2236,NULL,19837548,19837546,19837546,19837539,LIMIT,SELL,1,605,2021-05-27T07:09:22.593,2021-05-27T07:09:22.597,09:22.6,07:09:22,1,700,605,-95,533.27,-1,0,0,0,0,0,0,0,1
limpid-josh,M7@bmm,8044,1280,32687,2,32687,2236,NULL,19837549,19837549,19837549,NULL,LIMIT,SELL,1,645,2021-05-27T07:09:23.120,2021-05-27T07:09:23.123,09:23.1,07:09:23,0,700,0,#N/A,533.797,-1,0,0,0,0,0,0,0,0
limpid-josh,M5@bmm,8042,1280,32687,2,32687,2236,NULL,19837550,19837550,19837550,NULL,LIMIT,SELL,1,745,2021-05-27T07:09:25.884,2021-05-27T07:09:25.887,09:25.9,07:09:25,0,700,0,#N/A,536.561,-1,0,0,0,0,0,0,0,0
limpid-josh,M8@bmm,8045,1280,32687,2,32687,2236,NULL,19837551,19837551,19837551,0,LIMIT,SELL,2,615,2021-05-27T07:09:37.838,2021-05-27T07:09:43.574,09:37.8,07:09:37,0,700,0,#N/A,548.515,-1,0,0,0,0,0,0,0,0
limpid-josh,M7@bmm,8044,1280,32687,2,32687,2236,NULL,19837552,19837552,19837552,NULL,LIMIT,SELL,1,630,2021-05-27T07:09:41.434,2021-05-27T07:09:41.437,09:41.4,07:09:41,0,700,0,#N/A,552.111,-1,0,0,0,0,0,0,0,0
limpid-josh,M2@bmm,8039,1280,32687,2,32687,2236,NULL,19837553,19837553,19837553,19837554,LIMIT,BUY,1,615,2021-05-27T07:09:43.557,2021-05-27T07:09:43.574,09:43.6,07:09:43,0,700,0,#N/A,554.234,1,0,0,0,0,0,0,0,0
limpid-josh,M8@bmm,8045,1280,32687,2,32687,2236,NULL,19837554,19837551,19837551,19837553,LIMIT,SELL,1,615,2021-05-27T07:09:43.565,2021-05-27T07:09:43.574,09:43.6,07:09:43,1,700,615,-85,554.242,-1,0,0,0,0,0,0,0,1
limpid-josh,M8@bmm,8045,1280,32687,2,32687,2236,NULL,19837555,19837551,19837551,19837567,LIMIT,SELL,1,615,2021-05-27T07:09:37.838,2021-05-27T07:10:07.124,09:37.8,07:09:37,0,700,0,#N/A,548.515,-1,0,0,0,0,0,0,0,0
limpid-josh,M4@bmm,8041,1280,32687,2,32687,2236,NULL,19837556,19837556,19837556,19837576,LIMIT,BUY,1,555,2021-05-27T07:09:47.103,2021-05-27T07:10:26.893,09:47.1,07:09:47,0,700,0,#N/A,557.78,1,0,0,0,0,0,0,0,0
limpid-josh,M5@bmm,8042,1280,32687,2,32687,2236,NULL,19837557,19837505,19837557,19837505,CANCEL,BUY,1,560,2021-05-27T07:10:00.730,2021-05-27T07:10:00.736,10:00.7,07:10:00,0,700,0,#N/A,571.407,1,0,0,0,0,0,0,0,0
limpid-josh,M3@bmm,8040,1280,32687,2,32687,2236,NULL,19837558,19837518,19837558,19837518,CANCEL,SELL,1,700,2021-05-27T07:10:03.143,2021-05-27T07:10:03.156,10:03.1,07:10:03,0,700,0,#N/A,573.82,-1,0,0,0,0,0,0,0,0
limpid-josh,M8@bmm,8045,1280,32687,2,32687,2236,NULL,19837559,19837559,19837559,0,LIMIT,BUY,2,605,2021-05-27T07:10:04.219,2021-05-27T07:10:06.022,10:04.2,07:10:04,0,700,0,#N/A,574.896,1,0,0,0,0,0,0,0,0
limpid-josh,M1@bmm,8038,1280,32687,2,32687,2236,NULL,19837560,19837560,19837560,0,LIMIT,SELL,1,600,2021-05-27T07:10:05.996,2021-05-27T07:10:06.022,10:06.0,07:10:05,0,700,0,#N/A,576.673,-1,0,0,0,0,0,0,0,0
limpid-josh,M1@bmm,8038,1280,32687,2,32687,2236,NULL,19837561,19837560,19837560,19837562,LIMIT,SELL,1,605,2021-05-27T07:10:06.013,2021-05-27T07:10:06.022,10:06.0,07:10:06,0,700,0,#N/A,576.69,-1,0,0,0,0,0,0,0,0
limpid-josh,M8@bmm,8045,1280,32687,2,32687,2236,NULL,19837562,19837559,19837559,19837561,LIMIT,BUY,1,605,2021-05-27T07:10:06.016,2021-05-27T07:10:06.022,10:06.0,07:10:06,1,700,605,-95,576.693,1,0,0,0,0,0,0,0,1
limpid-josh,M8@bmm,8045,1280,32687,2,32687,2236,NULL,19837563,19837559,19837559,19837565,LIMIT,BUY,1,605,2021-05-27T07:10:04.219,2021-05-27T07:10:06.286,10:04.2,07:10:04,0,700,0,#N/A,574.896,1,0,0,0,0,0,0,0,0
limpid-josh,M1@bmm,8038,1280,32687,2,32687,2236,NULL,19837564,19837564,19837564,0,LIMIT,SELL,1,600,2021-05-27T07:10:06.267,2021-05-27T07:10:06.286,10:06.3,07:10:06,0,700,0,#N/A,576.944,-1,0,0,0,0,0,0,0,0
limpid-josh,M1@bmm,8038,1280,32687,2,32687,2236,NULL,19837565,19837564,19837564,19837563,LIMIT,SELL,1,605,2021-05-27T07:10:06.280,2021-05-27T07:10:06.287,10:06.3,07:10:06,1,700,605,-95,576.957,-1,1,0,0,0,0,0,0,0
limpid-josh,M5@bmm,8042,1280,32687,2,32687,2236,NULL,19837566,19837566,19837566,0,LIMIT,BUY,1,745,2021-05-27T07:10:07.115,2021-05-27T07:10:07.124,10:07.1,07:10:07,0,700,0,#N/A,577.792,1,0,0,0,0,0,0,0,0
limpid-josh,M5@bmm,8042,1280,32687,2,32687,2236,NULL,19837567,19837566,19837566,19837555,LIMIT,BUY,1,615,2021-05-27T07:10:07.121,2021-05-27T07:10:07.125,10:07.1,07:10:07,1,700,615,-85,577.798,1,0,0,0,0,1,0,0,0
limpid-josh,M1@bmm,8038,1280,32687,2,32687,2236,NULL,19837568,19837568,19837568,19837541,LIMIT,SELL,1,600,2021-05-27T07:10:10.190,2021-05-27T07:10:10.196,10:10.2,07:10:10,1,700,600,-100,580.867,-1,1,0,0,0,0,0,0,0
limpid-josh,M6@bmm,8043,1280,32687,2,32687,2236,NULL,19837569,19837569,19837569,NULL,LIMIT,SELL,1,630,2021-05-27T07:10:11.696,2021-05-27T07:10:11.699,10:11.7,07:10:11,0,700,0,#N/A,582.373,-1,0,0,0,0,0,0,0,0
limpid-josh,M8@bmm,8045,1280,32687,2,32687,2236,NULL,19837570,19837570,19837570,0,LIMIT,SELL,2,615,2021-05-27T07:10:16.016,2021-05-27T07:10:26.750,10:16.0,07:10:16,0,700,0,#N/A,586.693,-1,0,0,0,0,0,0,0,0
limpid-josh,M6@bmm,8043,1280,32687,2,32687,2236,NULL,19837571,19837571,19837571,NULL,LIMIT,SELL,1,620,2021-05-27T07:10:20.689,2021-05-27T07:10:20.692,10:20.7,07:10:20,0,700,0,#N/A,591.366,-1,0,0,0,0,0,0,0,0
limpid-josh,M4@bmm,8041,1280,32687,2,32687,2236,NULL,19837572,19837572,19837572,19837577,LIMIT,BUY,1,595,2021-05-27T07:10:21.210,2021-05-27T07:10:30.804,10:21.2,07:10:21,0,700,0,#N/A,591.887,1,0,0,0,0,0,0,0,0
limpid-josh,M2@bmm,8039,1280,32687,2,32687,2236,NULL,19837573,19837573,19837573,19837574,LIMIT,BUY,1,615,2021-05-27T07:10:26.734,2021-05-27T07:10:26.749,10:26.7,07:10:26,0,700,0,#N/A,597.411,1,0,0,0,0,0,0,0,0
limpid-josh,M8@bmm,8045,1280,32687,2,32687,2236,NULL,19837574,19837570,19837570,19837573,LIMIT,SELL,1,615,2021-05-27T07:10:26.740,2021-05-27T07:10:26.750,10:26.7,07:10:26,1,700,615,-85,597.417,-1,0,0,0,0,0,0,0,1
limpid-josh,M8@bmm,8045,1280,32687,2,32687,2236,NULL,19837575,19837570,19837570,NULL,LIMIT,SELL,1,615,2021-05-27T07:10:16.016,2021-05-27T07:10:26.750,10:16.0,07:10:16,0,700,0,#N/A,586.693,-1,0,0,0,0,0,0,0,0
limpid-josh,M4@bmm,8041,1280,32687,2,32687,2236,NULL,19837576,19837556,19837576,19837556,CANCEL,BUY,1,555,2021-05-27T07:10:26.887,2021-05-27T07:10:26.893,10:26.9,07:10:26,0,700,0,#N/A,597.564,1,0,0,0,0,0,0,0,0
limpid-josh,M1@bmm,8038,1280,32687,2,32687,2236,NULL,19837577,19837577,19837577,19837572,LIMIT,SELL,1,595,2021-05-27T07:10:30.795,2021-05-27T07:10:30.803,10:30.8,07:10:30,1,700,595,-105,601.472,-1,1,0,0,0,0,0,0,0
limpid-josh,M3@bmm,8040,1280,32687,2,32687,2236,NULL,19837578,19837578,19837578,NULL,LIMIT,BUY,1,595,2021-05-27T07:10:32.772,2021-05-27T07:10:32.776,10:32.8,07:10:32,0,700,0,#N/A,603.449,1,0,0,0,0,0,0,0,0
limpid-josh,M2@bmm,8039,1280,32687,2,32687,2236,NULL,19837579,19837517,19837579,19837517,CANCEL,SELL,1,650,2021-05-27T07:10:36.202,2021-05-27T07:10:36.208,10:36.2,07:10:36,0,700,0,#N/A,606.879,-1,0,0,0,0,0,0,0,0
limpid-josh,M7@bmm,8044,1280,32687,2,32687,2236,NULL,19837580,19837580,19837580,NULL,LIMIT,BUY,1,595,2021-05-27T07:10:41.671,2021-05-27T07:10:41.674,10:41.7,07:10:41,0,700,0,#N/A,612.348,1,0,0,0,0,0,0,0,0
limpid-josh,M8@bmm,8045,1280,32688,3,32688,2236,NULL,19837581,19837581,19837581,19837598,LIMIT,BUY,1,595,2021-05-27T07:11:20.684,2021-05-27T07:11:50.389,11:20.7,07:11:20,0,650,0,#N/A,651.361,1,0,0,0,0,0,0,0,0
limpid-josh,M7@bmm,8044,1280,32688,3,32688,2236,NULL,19837582,19837582,19837582,NULL,LIMIT,SELL,1,635,2021-05-27T07:11:20.992,2021-05-27T07:11:20.996,11:21.0,07:11:20,0,650,0,#N/A,651.669,-1,0,0,0,0,0,0,0,0
limpid-josh,M2@bmm,8039,1280,32688,3,32688,2236,NULL,19837583,19837583,19837583,19837648,LIMIT,SELL,1,700,2021-05-27T07:11:24.070,2021-05-27T07:13:48.626,11:24.1,07:11:24,0,650,0,#N/A,654.747,-1,0,0,0,0,0,0,0,0
limpid-josh,M6@bmm,8043,1280,32688,3,32688,2236,NULL,19837584,19837584,19837584,19837651,LIMIT,BUY,1,500,2021-05-27T07:11:25.785,2021-05-27T07:14:18.448,11:25.8,07:11:25,0,650,0,#N/A,656.462,1,0,0,0,0,0,0,0,0
limpid-josh,M7@bmm,8044,1280,32688,3,32688,2236,NULL,19837585,19837585,19837585,19837591,LIMIT,SELL,1,610,2021-05-27T07:11:28.025,2021-05-27T07:11:45.492,11:28.0,07:11:28,0,650,0,#N/A,658.702,-1,0,0,0,0,0,0,0,0
limpid-josh,M7@bmm,8044,1280,32688,3,32688,2236,NULL,19837586,19837586,19837586,19837596,LIMIT,SELL,1,615,2021-05-27T07:11:30.960,2021-05-27T07:11:47.041,11:31.0,07:11:30,0,650,0,#N/A,661.637,-1,0,0,0,0,0,0,0,0
limpid-josh,M4@bmm,8041,1280,32688,3,32688,2236,NULL,19837587,19837587,19837587,19837653,LIMIT,BUY,1,595,2021-05-27T07:11:36.335,2021-05-27T07:14:35.999,11:36.3,07:11:36,0,650,0,#N/A,667.012,1,0,0,0,0,0,0,0,0
limpid-josh,M5@bmm,8042,1280,32688,3,32688,2236,NULL,19837588,19837588,19837588,NULL,LIMIT,SELL,1,760,2021-05-27T07:11:41.651,2021-05-27T07:11:41.654,11:41.7,07:11:41,0,650,0,#N/A,672.328,-1,0,0,0,0,0,0,0,0
limpid-josh,M3@bmm,8040,1280,32688,3,32688,2236,NULL,19837589,19837589,19837589,19837631,LIMIT,BUY,1,555,2021-05-27T07:11:42.110,2021-05-27T07:13:03.354,11:42.1,07:11:42,0,650,0,#N/A,672.787,1,0,0,0,0,0,0,0,0
limpid-josh,M8@bmm,8045,1280,32688,3,32688,2236,NULL,19837590,19837590,19837590,0,LIMIT,BUY,1,680,2021-05-27T07:11:45.480,2021-05-27T07:11:45.492,11:45.5,07:11:45,0,650,0,#N/A,676.157,1,0,0,0,0,0,0,0,0
limpid-josh,M8@bmm,8045,1280,32688,3,32688,2236,NULL,19837591,19837590,19837590,19837585,LIMIT,BUY,1,610,2021-05-27T07:11:45.488,2021-05-27T07:11:45.493,11:45.5,07:11:45,1,650,610,-40,676.165,1,0,0,0,0,0,0,0,1
limpid-josh,M1@bmm,8038,1280,32688,3,32688,2236,NULL,19837592,19837592,19837592,19837626,LIMIT,SELL,1,650,2021-05-27T07:11:45.509,2021-05-27T07:12:52.366,11:45.5,07:11:45,0,650,0,#N/A,676.186,-1,0,0,0,0,0,0,0,0
limpid-josh,M1@bmm,8038,1280,32688,3,32688,2236,NULL,19837593,19837593,19837593,19837624,LIMIT,SELL,1,650,2021-05-27T07:11:45.649,2021-05-27T07:12:50.759,11:45.6,07:11:45,0,650,0,#N/A,676.326,-1,0,0,0,0,0,0,0,0
limpid-josh,M1@bmm,8038,1280,32688,3,32688,2236,NULL,19837594,19837594,19837594,19837623,LIMIT,SELL,1,650,2021-05-27T07:11:45.747,2021-05-27T07:12:50.165,11:45.7,07:11:45,0,650,0,#N/A,676.424,-1,0,0,0,0,0,0,0,0
limpid-josh,M8@bmm,8045,1280,32688,3,32688,2236,NULL,19837595,19837595,19837595,0,LIMIT,BUY,1,680,2021-05-27T07:11:47.031,2021-05-27T07:11:47.041,11:47.0,07:11:47,0,650,0,#N/A,677.708,1,0,0,0,0,0,0,0,0
limpid-josh,M8@bmm,8045,1280,32688,3,32688,2236,NULL,19837596,19837595,19837595,19837586,LIMIT,BUY,1,615,2021-05-27T07:11:47.038,2021-05-27T07:11:47.041,11:47.0,07:11:47,1,650,615,-35,677.715,1,0,0,0,0,0,0,0,1
limpid-josh,M7@bmm,8044,1280,32688,3,32688,2236,NULL,19837597,19837597,19837597,NULL,LIMIT,BUY,1,580,2021-05-27T07:11:49.601,2021-05-27T07:11:49.603,11:49.6,07:11:49,0,650,0,#N/A,680.278,1,0,0,0,0,0,0,0,0
limpid-josh,M8@bmm,8045,1280,32688,3,32688,2236,NULL,19837598,19837581,19837598,19837581,CANCEL,BUY,1,595,2021-05-27T07:11:50.383,2021-05-27T07:11:50.389,11:50.4,07:11:50,0,650,0,#N/A,681.06,1,0,0,0,0,0,0,0,0
limpid-josh,M5@bmm,8042,1280,32688,3,32688,2236,NULL,19837599,19837599,19837599,NULL,LIMIT,SELL,1,700,2021-05-27T07:11:52.413,2021-05-27T07:11:52.416,11:52.4,07:11:52,0,650,0,#N/A,683.09,-1,0,0,0,0,0,0,0,0
limpid-josh,M1@bmm,8038,1280,32688,3,32688,2236,NULL,19837600,19837600,19837600,NULL,LIMIT,BUY,1,500,2021-05-27T07:11:54.766,2021-05-27T07:11:54.769,11:54.8,07:11:54,0,650,0,#N/A,685.443,1,0,0,0,0,0,0,0,0
limpid-josh,M1@bmm,8038,1280,32688,3,32688,2236,NULL,19837601,19837601,19837601,NULL,LIMIT,BUY,1,500,2021-05-27T07:11:54.950,2021-05-27T07:11:54.953,11:54.9,07:11:54,0,650,0,#N/A,685.627,1,0,0,0,0,0,0,0,0
limpid-josh,M2@bmm,8039,1280,32688,3,32688,2236,NULL,19837602,19837602,19837602,NULL,LIMIT,SELL,1,630,2021-05-27T07:11:59.884,2021-05-27T07:11:59.886,11:59.9,07:11:59,0,650,0,#N/A,690.561,-1,0,0,0,0,0,0,0,0
limpid-josh,M8@bmm,8045,1280,32688,3,32688,2236,NULL,19837603,19837603,19837603,19837638,LIMIT,SELL,1,655,2021-05-27T07:12:00.303,2021-05-27T07:13:29.069,12:00.3,07:12:00,0,650,0,#N/A,690.98,-1,0,0,0,0,0,0,0,0
limpid-josh,M2@bmm,8039,1280,32688,3,32688,2236,NULL,19837604,19837604,19837604,19837620,LIMIT,SELL,1,625,2021-05-27T07:12:03.862,2021-05-27T07:12:39.390,12:03.9,07:12:03,0,650,0,#N/A,694.539,-1,0,0,0,0,0,0,0,0
limpid-josh,M3@bmm,8040,1280,32688,3,32688,2236,NULL,19837605,19837605,19837605,19837658,LIMIT,SELL,1,640,2021-05-27T07:12:05.741,2021-05-27T07:14:59.079,12:05.7,07:12:05,0,650,0,#N/A,696.418,-1,0,0,0,0,0,0,0,0
limpid-josh,M7@bmm,8044,1280,32688,3,32688,2236,NULL,19837606,19837606,19837606,NULL,LIMIT,BUY,1,590,2021-05-27T07:12:06.392,2021-05-27T07:12:06.395,12:06.4,07:12:06,0,650,0,#N/A,697.069,1,0,0,0,0,0,0,0,0
limpid-josh,M7@bmm,8044,1280,32688,3,32688,2236,NULL,19837607,19837607,19837607,19837608,LIMIT,BUY,1,590,2021-05-27T07:12:06.955,2021-05-27T07:12:10.014,12:07.0,07:12:06,0,650,0,#N/A,697.632,1,0,0,0,0,0,0,0,0
limpid-josh,M7@bmm,8044,1280,32688,3,32688,2236,NULL,19837608,19837607,19837608,19837607,CANCEL,BUY,1,590,2021-05-27T07:12:10.007,2021-05-27T07:12:10.013,12:10.0,07:12:10,0,650,0,#N/A,700.684,1,0,0,0,0,0,0,0,0
limpid-josh,M2@bmm,8039,1280,32688,3,32688,2236,NULL,19837609,19837609,19837609,19837615,LIMIT,SELL,1,620,2021-05-27T07:12:17.142,2021-05-27T07:12:31.071,12:17.1,07:12:17,0,650,0,#N/A,707.819,-1,0,0,0,0,0,0,0,0
limpid-josh,M6@bmm,8043,1280,32688,3,32688,2236,NULL,19837610,19837610,19837610,NULL,LIMIT,SELL,1,720,2021-05-27T07:12:19.216,2021-05-27T07:12:19.219,12:19.2,07:12:19,0,650,0,#N/A,709.893,-1,0,0,0,0,0,0,0,0
limpid-josh,M8@bmm,8045,1280,32688,3,32688,2236,NULL,19837611,19837611,19837611,19837640,LIMIT,SELL,1,625,2021-05-27T07:12:21.008,2021-05-27T07:13:31.689,12:21.0,07:12:21,0,650,0,#N/A,711.685,-1,0,0,0,0,0,0,0,0
limpid-josh,M4@bmm,8041,1280,32688,3,32688,2236,NULL,19837612,19837612,19837612,NULL,LIMIT,SELL,1,625,2021-05-27T07:12:22.726,2021-05-27T07:12:22.729,12:22.7,07:12:22,0,650,0,#N/A,713.403,-1,0,0,0,0,0,0,0,0
limpid-josh,M5@bmm,8042,1280,32688,3,32688,2236,NULL,19837613,19837613,19837613,NULL,LIMIT,BUY,1,595,2021-05-27T07:12:25.567,2021-05-27T07:12:25.569,12:25.6,07:12:25,0,650,0,#N/A,716.244,1,0,0,0,0,0,0,0,0
limpid-josh,M8@bmm,8045,1280,32688,3,32688,2236,NULL,19837614,19837614,19837614,0,LIMIT,BUY,2,620,2021-05-27T07:12:31.056,2021-05-27T07:12:31.071,12:31.1,07:12:31,0,650,0,#N/A,721.733,1,0,0,0,0,0,0,0,0
limpid-josh,M8@bmm,8045,1280,32688,3,32688,2236,NULL,19837615,19837614,19837614,19837609,LIMIT,BUY,1,620,2021-05-27T07:12:31.065,2021-05-27T07:12:31.071,12:31.1,07:12:31,1,650,620,-30,721.742,1,0,0,0,0,0,0,0,1
limpid-josh,M8@bmm,8045,1280,32688,3,32688,2236,NULL,19837616,19837614,19837614,19837618,LIMIT,BUY,1,620,2021-05-27T07:12:31.056,2021-05-27T07:12:31.323,12:31.1,07:12:31,0,650,0,#N/A,721.733,1,0,0,0,0,0,0,0,0
limpid-josh,M7@bmm,8044,1280,32688,3,32688,2236,NULL,19837617,19837617,19837617,0,LIMIT,SELL,1,615,2021-05-27T07:12:31.313,2021-05-27T07:12:31.322,12:31.3,07:12:31,0,650,0,#N/A,721.99,-1,0,0,0,0,0,0,0,0
limpid-josh,M7@bmm,8044,1280,32688,3,32688,2236,NULL,19837618,19837617,19837617,19837616,LIMIT,SELL,1,620,2021-05-27T07:12:31.319,2021-05-27T07:12:31.323,12:31.3,07:12:31,1,650,620,-30,721.996,-1,0,0,0,0,0,0,1,0
limpid-josh,M7@bmm,8044,1280,32688,3,32688,2236,NULL,19837619,19837619,19837619,NULL,LIMIT,BUY,1,600,2021-05-27T07:12:38.242,2021-05-27T07:12:38.244,12:38.2,07:12:38,0,650,0,#N/A,728.919,1,0,0,0,0,0,0,0,0
limpid-josh,M2@bmm,8039,1280,32688,3,32688,2236,NULL,19837620,19837604,19837620,19837604,CANCEL,SELL,1,625,2021-05-27T07:12:39.384,2021-05-27T07:12:39.390,12:39.4,07:12:39,0,650,0,#N/A,730.061,-1,0,0,0,0,0,0,0,0
limpid-josh,M1@bmm,8038,1280,32688,3,32688,2236,NULL,19837621,19837621,19837621,19837647,LIMIT,SELL,1,620,2021-05-27T07:12:46.040,2021-05-27T07:13:45.072,12:46.0,07:12:46,0,650,0,#N/A,736.717,-1,0,0,0,0,0,0,0,0
limpid-josh,M1@bmm,8038,1280,32688,3,32688,2236,NULL,19837622,19837622,19837622,NULL,LIMIT,SELL,1,620,2021-05-27T07:12:46.991,2021-05-27T07:12:46.994,12:47.0,07:12:46,0,650,0,#N/A,737.668,-1,0,0,0,0,0,0,0,0
limpid-josh,M1@bmm,8038,1280,32688,3,32688,2236,NULL,19837623,19837594,19837623,19837594,CANCEL,SELL,1,650,2021-05-27T07:12:50.159,2021-05-27T07:12:50.165,12:50.2,07:12:50,0,650,0,#N/A,740.836,-1,0,0,0,0,0,0,0,0
limpid-josh,M1@bmm,8038,1280,32688,3,32688,2236,NULL,19837624,19837593,19837624,19837593,CANCEL,SELL,1,650,2021-05-27T07:12:50.752,2021-05-27T07:12:50.758,12:50.8,07:12:50,0,650,0,#N/A,741.429,-1,0,0,0,0,0,0,0,0
limpid-josh,M7@bmm,8044,1280,32688,3,32688,2236,NULL,19837625,19837625,19837625,19837627,LIMIT,SELL,1,615,2021-05-27T07:12:50.784,2021-05-27T07:12:52.527,12:50.8,07:12:50,0,650,0,#N/A,741.461,-1,0,0,0,0,0,0,0,0
limpid-josh,M1@bmm,8038,1280,32688,3,32688,2236,NULL,19837626,19837592,19837626,19837592,CANCEL,SELL,1,650,2021-05-27T07:12:52.359,2021-05-27T07:12:52.366,12:52.4,07:12:52,0,650,0,#N/A,743.036,-1,0,0,0,0,0,0,0,0
limpid-josh,M2@bmm,8039,1280,32688,3,32688,2236,NULL,19837627,19837627,19837627,19837625,LIMIT,BUY,1,615,2021-05-27T07:12:52.517,2021-05-27T07:12:52.527,12:52.5,07:12:52,1,650,615,-35,743.194,1,0,1,0,0,0,0,0,0
limpid-josh,M2@bmm,8039,1280,32688,3,32688,2236,NULL,19837628,19837628,19837628,19837630,LIMIT,BUY,1,615,2021-05-27T07:12:52.767,2021-05-27T07:12:59.653,12:52.8,07:12:52,0,650,0,#N/A,743.444,1,0,0,0,0,0,0,0,0
limpid-josh,M8@bmm,8045,1280,32688,3,32688,2236,NULL,19837629,19837629,19837629,19837644,LIMIT,SELL,2,620,2021-05-27T07:12:59.425,2021-05-27T07:13:34.296,12:59.4,07:12:59,0,650,0,#N/A,750.102,-1,0,0,0,0,0,0,0,0
limpid-josh,M1@bmm,8038,1280,32688,3,32688,2236,NULL,19837630,19837630,19837630,19837628,LIMIT,SELL,1,615,2021-05-27T07:12:59.647,2021-05-27T07:12:59.653,12:59.6,07:12:59,1,650,615,-35,750.324,-1,1,0,0,0,0,0,0,0
limpid-josh,M3@bmm,8040,1280,32688,3,32688,2236,NULL,19837631,19837589,19837631,19837589,CANCEL,BUY,1,555,2021-05-27T07:13:03.348,2021-05-27T07:13:03.354,13:03.3,07:13:03,0,650,0,#N/A,754.025,1,0,0,0,0,0,0,0,0
limpid-josh,M8@bmm,8045,1280,32688,3,32688,2236,NULL,19837632,19837632,19837632,19837633,LIMIT,BUY,2,590,2021-05-27T07:13:10.168,2021-05-27T07:13:12.362,13:10.2,07:13:10,0,650,0,#N/A,760.845,1,0,0,0,0,0,0,0,0
limpid-josh,M8@bmm,8045,1280,32688,3,32688,2236,NULL,19837633,19837632,19837633,19837632,CANCEL,BUY,2,590,2021-05-27T07:13:12.356,2021-05-27T07:13:12.362,13:12.4,07:13:12,0,650,0,#N/A,763.033,1,0,0,0,0,0,0,0,0
limpid-josh,M7@bmm,8044,1280,32688,3,32688,2236,NULL,19837634,19837634,19837634,NULL,LIMIT,BUY,1,600,2021-05-27T07:13:13.736,2021-05-27T07:13:13.739,13:13.7,07:13:13,0,650,0,#N/A,764.413,1,0,0,0,0,0,0,0,0
limpid-josh,M7@bmm,8044,1280,32688,3,32688,2236,NULL,19837635,19837635,19837635,19837643,LIMIT,BUY,1,605,2021-05-27T07:13:23.452,2021-05-27T07:13:32.294,13:23.5,07:13:23,0,650,0,#N/A,774.129,1,0,0,0,0,0,0,0,0
limpid-josh,M6@bmm,8043,1280,32688,3,32688,2236,NULL,19837636,19837636,19837636,NULL,LIMIT,SELL,1,650,2021-05-27T07:13:26.329,2021-05-27T07:13:26.332,13:26.3,07:13:26,0,650,0,#N/A,777.006,-1,0,0,0,0,0,0,0,0
limpid-josh,M5@bmm,8042,1280,32688,3,32688,2236,NULL,19837637,19837637,19837637,19837650,LIMIT,SELL,1,640,2021-05-27T07:13:27.231,2021-05-27T07:14:09.549,13:27.2,07:13:27,0,650,0,#N/A,777.908,-1,0,0,0,0,0,0,0,0
limpid-josh,M8@bmm,8045,1280,32688,3,32688,2236,NULL,19837638,19837603,19837638,19837603,CANCEL,SELL,1,655,2021-05-27T07:13:29.062,2021-05-27T07:13:29.069,13:29.1,07:13:29,0,650,0,#N/A,779.739,-1,0,0,0,0,0,0,0,0
limpid-josh,M1@bmm,8038,1280,32688,3,32688,2236,NULL,19837639,19837639,19837639,19837641,LIMIT,SELL,1,615,2021-05-27T07:13:30,2021-05-27T07:13:31.861,07:13:30,#VALUE!,0,650,0,#N/A,780.677,-1,0,0,0,0,0,0,0,0
limpid-josh,M8@bmm,8045,1280,32688,3,32688,2236,NULL,19837640,19837611,19837640,19837611,CANCEL,SELL,1,625,2021-05-27T07:13:31.683,2021-05-27T07:13:31.689,13:31.7,07:13:31,0,650,0,#N/A,782.36,-1,0,0,0,0,0,0,0,0
limpid-josh,M2@bmm,8039,1280,32688,3,32688,2236,NULL,19837641,19837641,19837641,19837639,LIMIT,BUY,1,615,2021-05-27T07:13:31.855,2021-05-27T07:13:31.861,13:31.9,07:13:31,1,650,615,-35,782.532,1,0,1,0,0,0,0,0,0
limpid-josh,M3@bmm,8040,1280,32688,3,32688,2236,NULL,19837642,19837642,19837642,0,LIMIT,SELL,1,540,2021-05-27T07:13:32.285,2021-05-27T07:13:32.294,13:32.3,07:13:32,0,650,0,#N/A,782.962,-1,0,0,0,0,0,0,0,0
limpid-josh,M3@bmm,8040,1280,32688,3,32688,2236,NULL,19837643,19837642,19837642,19837635,LIMIT,SELL,1,605,2021-05-27T07:13:32.291,2021-05-27T07:13:32.294,13:32.3,07:13:32,1,650,605,-45,782.968,-1,0,0,1,0,0,0,0,0
limpid-josh,M8@bmm,8045,1280,32688,3,32688,2236,NULL,19837644,19837629,19837644,19837629,CANCEL,SELL,2,620,2021-05-27T07:13:34.290,2021-05-27T07:13:34.296,13:34.3,07:13:34,0,650,0,#N/A,784.967,-1,0,0,0,0,0,0,0,0
limpid-josh,M8@bmm,8045,1280,32688,3,32688,2236,NULL,19837645,19837645,19837645,NULL,LIMIT,SELL,2,620,2021-05-27T07:13:38.539,2021-05-27T07:13:38.541,13:38.5,07:13:38,0,650,0,#N/A,789.216,-1,0,0,0,0,0,0,0,0
limpid-josh,M5@bmm,8042,1280,32688,3,32688,2236,NULL,19837646,19837646,19837646,0,LIMIT,BUY,1,655,2021-05-27T07:13:45.062,2021-05-27T07:13:45.072,13:45.1,07:13:45,0,650,0,#N/A,795.739,1,0,0,0,0,0,0,0,0
limpid-josh,M5@bmm,8042,1280,32688,3,32688,2236,NULL,19837647,19837646,19837646,19837621,LIMIT,BUY,1,620,2021-05-27T07:13:45.069,2021-05-27T07:13:45.072,13:45.1,07:13:45,1,650,620,-30,795.746,1,0,0,0,0,1,0,0,0
limpid-josh,M2@bmm,8039,1280,32688,3,32688,2236,NULL,19837648,19837583,19837648,19837583,CANCEL,SELL,1,700,2021-05-27T07:13:48.620,2021-05-27T07:13:48.626,13:48.6,07:13:48,0,650,0,#N/A,799.297,-1,0,0,0,0,0,0,0,0
limpid-josh,M7@bmm,8044,1280,32688,3,32688,2236,NULL,19837649,19837649,19837649,NULL,LIMIT,SELL,1,620,2021-05-27T07:14:04.402,2021-05-27T07:14:04.405,14:04.4,07:14:04,0,650,0,#N/A,815.079,-1,0,0,0,0,0,0,0,0
limpid-josh,M5@bmm,8042,1280,32688,3,32688,2236,NULL,19837650,19837637,19837650,19837637,CANCEL,SELL,1,640,2021-05-27T07:14:09.543,2021-05-27T07:14:09.549,14:09.5,07:14:09,0,650,0,#N/A,820.22,-1,0,0,0,0,0,0,0,0
limpid-josh,M6@bmm,8043,1280,32688,3,32688,2236,NULL,19837651,19837584,19837651,19837584,CANCEL,BUY,1,500,2021-05-27T07:14:18.441,2021-05-27T07:14:18.448,14:18.4,07:14:18,0,650,0,#N/A,829.118,1,0,0,0,0,0,0,0,0
limpid-josh,M4@bmm,8041,1280,32688,3,32688,2236,NULL,19837652,19837652,19837652,19837656,LIMIT,BUY,1,610,2021-05-27T07:14:33.663,2021-05-27T07:14:44.099,14:33.7,07:14:33,0,650,0,#N/A,844.34,1,0,0,0,0,0,0,0,0
limpid-josh,M4@bmm,8041,1280,32688,3,32688,2236,NULL,19837653,19837587,19837653,19837587,CANCEL,BUY,1,595,2021-05-27T07:14:35.987,2021-05-27T07:14:35.998,14:36.0,07:14:35,0,650,0,#N/A,846.664,1,0,0,0,0,0,0,0,0
limpid-josh,M3@bmm,8040,1280,32688,3,32688,2236,NULL,19837654,19837654,19837654,NULL,LIMIT,BUY,1,590,2021-05-27T07:14:42.262,2021-05-27T07:14:42.265,14:42.3,07:14:42,0,650,0,#N/A,852.939,1,0,0,0,0,0,0,0,0
limpid-josh,M8@bmm,8045,1280,32688,3,32688,2236,NULL,19837655,19837655,19837655,0,LIMIT,SELL,2,610,2021-05-27T07:14:44.085,2021-05-27T07:14:44.099,14:44.1,07:14:44,0,650,0,#N/A,854.762,-1,0,0,0,0,0,0,0,0
limpid-josh,M8@bmm,8045,1280,32688,3,32688,2236,NULL,19837656,19837655,19837655,19837652,LIMIT,SELL,1,610,2021-05-27T07:14:44.092,2021-05-27T07:14:44.100,14:44.1,07:14:44,1,650,610,-40,854.769,-1,0,0,0,0,0,0,0,1
limpid-josh,M8@bmm,8045,1280,32688,3,32688,2236,NULL,19837657,19837655,19837655,19837660,LIMIT,SELL,1,610,2021-05-27T07:14:44.085,2021-05-27T07:15:03.813,14:44.1,07:14:44,0,650,0,#N/A,854.762,-1,0,0,0,0,0,0,0,0
limpid-josh,M3@bmm,8040,1280,32688,3,32688,2236,NULL,19837658,19837605,19837658,19837605,CANCEL,SELL,1,640,2021-05-27T07:14:59.073,2021-05-27T07:14:59.079,14:59.1,07:14:59,0,650,0,#N/A,869.75,-1,0,0,0,0,0,0,0,0
limpid-josh,M6@bmm,8043,1280,32688,3,32688,2236,NULL,19837659,19837659,19837659,NULL,LIMIT,BUY,1,590,2021-05-27T07:15:00.721,2021-05-27T07:15:00.724,15:00.7,07:15:00,0,650,0,#N/A,871.398,1,0,0,0,0,0,0,0,0
limpid-josh,M8@bmm,8045,1280,32688,3,32688,2236,NULL,19837660,19837655,19837660,19837657,CANCEL,SELL,1,610,2021-05-27T07:15:03.806,2021-05-27T07:15:03.813,15:03.8,07:15:03,0,650,0,#N/A,874.483,-1,0,0,0,0,0,0,0,0
limpid-josh,M1@bmm,8038,1280,32688,3,32688,2236,NULL,19837661,19837661,19837661,NULL,LIMIT,BUY,1,600,2021-05-27T07:15:10.535,2021-05-27T07:15:10.538,15:10.5,07:15:10,0,650,0,#N/A,881.212,1,0,0,0,0,0,0,0,0
limpid-josh,M2@bmm,8039,1280,32689,4,32689,2236,NULL,19837662,19837662,19837662,19837741,LIMIT,SELL,1,625,2021-05-27T07:15:45.494,2021-05-27T07:19:08.694,15:45.5,07:15:45,0,600,0,#N/A,916.171,-1,0,0,0,0,0,0,0,0
limpid-josh,M3@bmm,8040,1280,32689,4,32689,2236,NULL,19837663,19837663,19837663,19837717,LIMIT,SELL,1,640,2021-05-27T07:15:46.374,2021-05-27T07:17:35.816,15:46.4,07:15:46,0,600,0,#N/A,917.051,-1,0,0,0,0,0,0,0,0
limpid-josh,M8@bmm,8045,1280,32689,4,32689,2236,NULL,19837664,19837664,19837664,NULL,LIMIT,BUY,1,570,2021-05-27T07:15:46.769,2021-05-27T07:15:46.772,15:46.8,07:15:46,0,600,0,#N/A,917.446,1,0,0,0,0,0,0,0,0
limpid-josh,M2@bmm,8039,1280,32689,4,32689,2236,NULL,19837665,19837665,19837665,19837740,LIMIT,SELL,1,630,2021-05-27T07:15:51.800,2021-05-27T07:19:07.751,15:51.8,07:15:51,0,600,0,#N/A,922.477,-1,0,0,0,0,0,0,0,0
limpid-josh,M1@bmm,8038,1280,32689,4,32689,2236,NULL,19837666,19837666,19837666,NULL,LIMIT,BUY,1,500,2021-05-27T07:15:51.807,2021-05-27T07:15:51.810,15:51.8,07:15:51,0,600,0,#N/A,922.484,1,0,0,0,0,0,0,0,0
limpid-josh,M1@bmm,8038,1280,32689,4,32689,2236,NULL,19837667,19837667,19837667,NULL,LIMIT,BUY,1,500,2021-05-27T07:15:52.267,2021-05-27T07:15:52.270,15:52.3,07:15:52,0,600,0,#N/A,922.944,1,0,0,0,0,0,0,0,0
limpid-josh,M2@bmm,8039,1280,32689,4,32689,2236,NULL,19837668,19837668,19837668,19837739,LIMIT,SELL,1,635,2021-05-27T07:15:54.694,2021-05-27T07:19:06.732,15:54.7,07:15:54,0,600,0,#N/A,925.371,-1,0,0,0,0,0,0,0,0
limpid-josh,M3@bmm,8040,1280,32689,4,32689,2236,NULL,19837669,19837669,19837669,19837676,LIMIT,BUY,1,575,2021-05-27T07:15:57.688,2021-05-27T07:16:11.544,15:57.7,07:15:57,0,600,0,#N/A,928.365,1,0,0,0,0,0,0,0,0
limpid-josh,M8@bmm,8045,1280,32689,4,32689,2236,NULL,19837670,19837670,19837670,19837751,LIMIT,BUY,1,600,2021-05-27T07:16:00.169,2021-05-27T07:19:22.015,16:00.2,07:16:00,0,600,0,#N/A,930.846,1,0,0,0,0,0,0,0,0
limpid-josh,M7@bmm,8044,1280,32689,4,32689,2236,NULL,19837671,19837671,19837671,0,LIMIT,SELL,2,620,2021-05-27T07:16:02.453,2021-05-27T07:16:18.618,16:02.5,07:16:02,0,600,0,#N/A,933.13,-1,0,0,0,0,0,0,0,0
limpid-josh,M6@bmm,8043,1280,32689,4,32689,2236,NULL,19837672,19837672,19837672,19837718,LIMIT,BUY,1,550,2021-05-27T07:16:02.913,2021-05-27T07:17:40.955,16:02.9,07:16:02,0,600,0,#N/A,933.59,1,0,0,0,0,0,0,0,0
limpid-josh,M1@bmm,8038,1280,32689,4,32689,2236,NULL,19837673,19837673,19837673,NULL,LIMIT,BUY,1,580,2021-05-27T07:16:03.559,2021-05-27T07:16:03.562,16:03.6,07:16:03,0,600,0,#N/A,934.236,1,0,0,0,0,0,0,0,0
limpid-josh,M7@bmm,8044,1280,32689,4,32689,2236,NULL,19837674,19837674,19837674,0,LIMIT,BUY,2,600,2021-05-27T07:16:06.285,2021-05-27T07:19:22.016,16:06.3,07:16:06,0,600,0,#N/A,936.962,1,0,0,0,0,0,0,0,0
limpid-josh,M3@bmm,8040,1280,32689,4,32689,2236,NULL,19837675,19837675,19837675,19837715,LIMIT,BUY,1,585,2021-05-27T07:16:07.598,2021-05-27T07:17:28.814,16:07.6,07:16:07,0,600,0,#N/A,938.275,1,0,0,0,0,0,0,0,0
limpid-josh,M3@bmm,8040,1280,32689,4,32689,2236,NULL,19837676,19837669,19837676,19837669,CANCEL,BUY,1,575,2021-05-27T07:16:11.538,2021-05-27T07:16:11.544,16:11.5,07:16:11,0,600,0,#N/A,942.215,1,0,0,0,0,0,0,0,0
limpid-josh,M7@bmm,8044,1280,32689,4,32689,2236,NULL,19837677,19837677,19837677,NULL,LIMIT,BUY,2,590,2021-05-27T07:16:13.466,2021-05-27T07:16:13.470,16:13.5,07:16:13,0,600,0,#N/A,944.143,1,0,0,0,0,0,0,0,0
limpid-josh,M8@bmm,8045,1280,32689,4,32689,2236,NULL,19837678,19837678,19837678,19837757,LIMIT,BUY,1,600,2021-05-27T07:16:17.162,2021-05-27T07:19:22.624,16:17.2,07:16:17,0,600,0,#N/A,947.839,1,0,0,0,0,0,0,0,0
limpid-josh,M2@bmm,8039,1280,32689,4,32689,2236,NULL,19837679,19837679,19837679,19837680,LIMIT,BUY,1,620,2021-05-27T07:16:18.606,2021-05-27T07:16:18.618,16:18.6,07:16:18,0,600,0,#N/A,949.283,1,0,0,0,0,0,0,0,0
limpid-josh,M7@bmm,8044,1280,32689,4,32689,2236,NULL,19837680,19837671,19837671,19837679,LIMIT,SELL,1,620,2021-05-27T07:16:18.612,2021-05-27T07:16:18.618,16:18.6,07:16:18,1,600,620,20,949.289,-1,0,0,0,0,0,0,1,0
limpid-josh,M7@bmm,8044,1280,32689,4,32689,2236,NULL,19837681,19837671,19837671,NULL,LIMIT,SELL,1,620,2021-05-27T07:16:02.453,2021-05-27T07:16:18.618,16:02.5,07:16:02,0,600,0,#N/A,933.13,-1,0,0,0,0,0,0,0,0
limpid-josh,M1@bmm,8038,1280,32689,4,32689,2236,NULL,19837682,19837682,19837682,19837732,LIMIT,BUY,1,590,2021-05-27T07:16:20.464,2021-05-27T07:18:48.635,16:20.5,07:16:20,0,600,0,#N/A,951.141,1,0,0,0,0,0,0,0,0
limpid-josh,M3@bmm,8040,1280,32689,4,32689,2236,NULL,19837683,19837683,19837683,19837685,LIMIT,SELL,1,610,2021-05-27T07:16:21.335,2021-05-27T07:16:23.196,16:21.3,07:16:21,0,600,0,#N/A,952.012,-1,0,0,0,0,0,0,0,0
limpid-josh,M1@bmm,8038,1280,32689,4,32689,2236,NULL,19837684,19837684,19837684,19837730,LIMIT,BUY,1,590,2021-05-27T07:16:21.422,2021-05-27T07:18:47.745,16:21.4,07:16:21,0,600,0,#N/A,952.099,1,0,0,0,0,0,0,0,0
limpid-josh,M4@bmm,8041,1280,32689,4,32689,2236,NULL,19837685,19837685,19837685,19837683,LIMIT,BUY,1,610,2021-05-27T07:16:23.190,2021-05-27T07:16:23.196,16:23.2,07:16:23,1,600,610,10,953.867,1,0,0,0,1,0,0,0,0
limpid-josh,M6@bmm,8043,1280,32689,4,32689,2236,NULL,19837686,19837686,19837686,19837738,LIMIT,SELL,1,625,2021-05-27T07:16:30.204,2021-05-27T07:19:05.881,16:30.2,07:16:30,0,600,0,#N/A,960.881,-1,0,0,0,0,0,0,0,0
limpid-josh,M4@bmm,8041,1280,32689,4,32689,2236,NULL,19837687,19837687,19837687,19837694,LIMIT,BUY,1,610,2021-05-27T07:16:31.142,2021-05-27T07:16:48.286,16:31.1,07:16:31,0,600,0,#N/A,961.819,1,0,0,0,0,0,0,0,0
limpid-josh,M8@bmm,8045,1280,32689,4,32689,2236,NULL,19837688,19837688,19837688,19837711,LIMIT,SELL,1,615,2021-05-27T07:16:31.728,2021-05-27T07:17:19.193,16:31.7,07:16:31,0,600,0,#N/A,962.405,-1,0,0,0,0,0,0,0,0
limpid-josh,M4@bmm,8041,1280,32689,4,32689,2236,NULL,19837689,19837689,19837689,19837696,LIMIT,BUY,1,610,2021-05-27T07:16:32.693,2021-05-27T07:16:50.821,16:32.7,07:16:32,0,600,0,#N/A,963.37,1,0,0,0,0,0,0,0,0
limpid-josh,M2@bmm,8039,1280,32689,4,32689,2236,NULL,19837690,19837690,19837690,19837698,LIMIT,BUY,1,610,2021-05-27T07:16:33.993,2021-05-27T07:16:50.936,16:34.0,07:16:33,0,600,0,#N/A,964.67,1,0,0,0,0,0,0,0,0
limpid-josh,M5@bmm,8042,1280,32689,4,32689,2236,NULL,19837691,19837691,19837691,19837731,LIMIT,BUY,1,600,2021-05-27T07:16:39.452,2021-05-27T07:18:47.911,16:39.5,07:16:39,0,600,0,#N/A,970.129,1,0,0,0,0,0,0,0,0
limpid-josh,M7@bmm,8044,1280,32689,4,32689,2236,NULL,19837692,19837692,19837692,0,LIMIT,BUY,2,605,2021-05-27T07:16:40.708,2021-05-27T07:16:54.445,16:40.7,07:16:40,0,600,0,#N/A,971.385,1,0,0,0,0,0,0,0,0
limpid-josh,M1@bmm,8038,1280,32689,4,32689,2236,NULL,19837693,19837693,19837693,0,LIMIT,SELL,1,605,2021-05-27T07:16:48.273,2021-05-27T07:16:48.285,16:48.3,07:16:48,0,600,0,#N/A,978.95,-1,0,0,0,0,0,0,0,0
limpid-josh,M1@bmm,8038,1280,32689,4,32689,2236,NULL,19837694,19837693,19837693,19837687,LIMIT,SELL,1,610,2021-05-27T07:16:48.282,2021-05-27T07:16:48.286,16:48.3,07:16:48,1,600,610,10,978.959,-1,1,0,0,0,0,0,0,0
limpid-josh,M8@bmm,8045,1280,32689,4,32689,2236,NULL,19837695,19837695,19837695,0,LIMIT,SELL,1,600,2021-05-27T07:16:50.809,2021-05-27T07:16:50.821,16:50.8,07:16:50,0,600,0,#N/A,981.486,-1,0,0,0,0,0,0,0,0
limpid-josh,M8@bmm,8045,1280,32689,4,32689,2236,NULL,19837696,19837695,19837695,19837689,LIMIT,SELL,1,610,2021-05-27T07:16:50.818,2021-05-27T07:16:50.821,16:50.8,07:16:50,1,600,610,10,981.495,-1,0,0,0,0,0,0,0,1
limpid-josh,M1@bmm,8038,1280,32689,4,32689,2236,NULL,19837697,19837697,19837697,0,LIMIT,SELL,1,605,2021-05-27T07:16:50.927,2021-05-27T07:16:50.936,16:50.9,07:16:50,0,600,0,#N/A,981.604,-1,0,0,0,0,0,0,0,0
limpid-josh,M1@bmm,8038,1280,32689,4,32689,2236,NULL,19837698,19837697,19837697,19837690,LIMIT,SELL,1,610,2021-05-27T07:16:50.933,2021-05-27T07:16:50.938,16:50.9,07:16:50,1,600,610,10,981.61,-1,1,0,0,0,0,0,0,0
limpid-josh,M5@bmm,8042,1280,32689,4,32689,2236,NULL,19837699,19837699,19837699,NULL,LIMIT,SELL,1,615,2021-05-27T07:16:53.503,2021-05-27T07:16:53.506,16:53.5,07:16:53,0,600,0,#N/A,984.18,-1,0,0,0,0,0,0,0,0
limpid-josh,M1@bmm,8038,1280,32689,4,32689,2236,NULL,19837700,19837700,19837700,19837701,LIMIT,SELL,1,605,2021-05-27T07:16:54.431,2021-05-27T07:16:54.444,16:54.4,07:16:54,0,600,0,#N/A,985.108,-1,0,0,0,0,0,0,0,0
limpid-josh,M7@bmm,8044,1280,32689,4,32689,2236,NULL,19837701,19837692,19837692,19837700,LIMIT,BUY,1,605,2021-05-27T07:16:54.437,2021-05-27T07:16:54.445,16:54.4,07:16:54,1,600,605,5,985.114,1,0,0,0,0,0,0,1,0
limpid-josh,M7@bmm,8044,1280,32689,4,32689,2236,NULL,19837702,19837692,19837692,19837706,LIMIT,BUY,1,605,2021-05-27T07:16:40.708,2021-05-27T07:17:00.814,16:40.7,07:16:40,0,600,0,#N/A,971.385,1,0,0,0,0,0,0,0,0
limpid-josh,M3@bmm,8040,1280,32689,4,32689,2236,NULL,19837703,19837703,19837703,19837704,LIMIT,SELL,1,610,2021-05-27T07:16:58.817,2021-05-27T07:17:00.455,16:58.8,07:16:58,0,600,0,#N/A,989.494,-1,0,0,0,0,0,0,0,0
limpid-josh,M2@bmm,8039,1280,32689,4,32689,2236,NULL,19837704,19837704,19837704,19837703,LIMIT,BUY,1,610,2021-05-27T07:17:00.448,2021-05-27T07:17:00.455,17:00.4,07:17:00,1,600,610,10,991.125,1,0,1,0,0,0,0,0,0
limpid-josh,M8@bmm,8045,1280,32689,4,32689,2236,NULL,19837705,19837705,19837705,0,LIMIT,SELL,1,600,2021-05-27T07:17:00.804,2021-05-27T07:17:00.814,17:00.8,07:17:00,0,600,0,#N/A,991.481,-1,0,0,0,0,0,0,0,0
limpid-josh,M8@bmm,8045,1280,32689,4,32689,2236,NULL,19837706,19837705,19837705,19837702,LIMIT,SELL,1,605,2021-05-27T07:17:00.811,2021-05-27T07:17:00.814,17:00.8,07:17:00,1,600,605,5,991.488,-1,0,0,0,0,0,0,0,1
limpid-josh,M4@bmm,8041,1280,32689,4,32689,2236,NULL,19837707,19837707,19837707,19837710,LIMIT,BUY,1,610,2021-05-27T07:17:04.863,2021-05-27T07:17:17.076,17:04.9,07:17:04,0,600,0,#N/A,995.54,1,0,0,0,0,0,0,0,0
limpid-josh,M4@bmm,8041,1280,32689,4,32689,2236,NULL,19837708,19837708,19837708,19837723,LIMIT,BUY,1,610,2021-05-27T07:17:05.677,2021-05-27T07:18:20.345,17:05.7,07:17:05,0,600,0,#N/A,996.354,1,0,0,0,0,0,0,0,0
limpid-josh,M5@bmm,8042,1280,32689,4,32689,2236,NULL,19837709,19837709,19837709,19837728,LIMIT,BUY,1,600,2021-05-27T07:17:14.543,2021-05-27T07:18:43.777,17:14.5,07:17:14,0,600,0,#N/A,1005.22,1,0,0,0,0,0,0,0,0
limpid-josh,M8@bmm,8045,1280,32689,4,32689,2236,NULL,19837710,19837710,19837710,19837707,LIMIT,SELL,1,610,2021-05-27T07:17:17.070,2021-05-27T07:17:17.076,17:17.1,07:17:17,1,600,610,10,1007.747,-1,0,0,0,0,0,0,0,1
limpid-josh,M2@bmm,8039,1280,32689,4,32689,2236,NULL,19837711,19837711,19837711,19837688,LIMIT,BUY,1,615,2021-05-27T07:17:19.176,2021-05-27T07:17:19.184,17:19.2,07:17:19,1,600,615,15,1009.853,1,0,1,0,0,0,0,0,0
limpid-josh,M3@bmm,8040,1280,32689,4,32689,2236,NULL,19837712,19837712,19837712,NULL,LIMIT,BUY,1,590,2021-05-27T07:17:27.482,2021-05-27T07:17:27.484,17:27.5,07:17:27,0,600,0,#N/A,1018.159,1,0,0,0,0,0,0,0,0
limpid-josh,M6@bmm,8043,1280,32689,4,32689,2236,NULL,19837713,19837713,19837713,19837747,LIMIT,SELL,1,630,2021-05-27T07:17:27.887,2021-05-27T07:19:15.291,17:27.9,07:17:27,0,600,0,#N/A,1018.564,-1,0,0,0,0,0,0,0,0
limpid-josh,M1@bmm,8038,1280,32689,4,32689,2236,NULL,19837714,19837714,19837714,NULL,LIMIT,SELL,1,620,2021-05-27T07:17:27.998,2021-05-27T07:17:28.001,17:28.0,07:17:27,0,600,0,#N/A,1018.675,-1,0,0,0,0,0,0,0,0
limpid-josh,M3@bmm,8040,1280,32689,4,32689,2236,NULL,19837715,19837675,19837715,19837675,CANCEL,BUY,1,585,2021-05-27T07:17:28.807,2021-05-27T07:17:28.813,17:28.8,07:17:28,0,600,0,#N/A,1019.484,1,0,0,0,0,0,0,0,0
limpid-josh,M5@bmm,8042,1280,32689,4,32689,2236,NULL,19837716,19837716,19837716,NULL,LIMIT,SELL,2,620,2021-05-27T07:17:30.158,2021-05-27T07:17:30.161,17:30.2,07:17:30,0,600,0,#N/A,1020.835,-1,0,0,0,0,0,0,0,0
limpid-josh,M3@bmm,8040,1280,32689,4,32689,2236,NULL,19837717,19837663,19837717,19837663,CANCEL,SELL,1,640,2021-05-27T07:17:35.810,2021-05-27T07:17:35.816,17:35.8,07:17:35,0,600,0,#N/A,1026.487,-1,0,0,0,0,0,0,0,0
limpid-josh,M6@bmm,8043,1280,32689,4,32689,2236,NULL,19837718,19837672,19837718,19837672,CANCEL,BUY,1,550,2021-05-27T07:17:40.948,2021-05-27T07:17:40.955,17:40.9,07:17:40,0,600,0,#N/A,1031.625,1,0,0,0,0,0,0,0,0
limpid-josh,M7@bmm,8044,1280,32689,4,32689,2236,NULL,19837719,19837719,19837719,19837724,LIMIT,BUY,1,610,2021-05-27T07:17:53.366,2021-05-27T07:18:21.624,17:53.4,07:17:53,0,600,0,#N/A,1044.043,1,0,0,0,0,0,0,0,0
limpid-josh,M5@bmm,8042,1280,32689,4,32689,2236,NULL,19837720,19837720,19837720,19837729,LIMIT,BUY,2,605,2021-05-27T07:17:53.566,2021-05-27T07:18:44.270,17:53.6,07:17:53,0,600,0,#N/A,1044.243,1,0,0,0,0,0,0,0,0
limpid-josh,M6@bmm,8043,1280,32689,4,32689,2236,NULL,19837721,19837721,19837721,19837725,LIMIT,BUY,1,605,2021-05-27T07:17:54.402,2021-05-27T07:18:26.500,17:54.4,07:17:54,0,600,0,#N/A,1045.079,1,0,0,0,0,0,0,0,0
limpid-josh,M6@bmm,8043,1280,32689,4,32689,2236,NULL,19837722,19837722,19837722,NULL,LIMIT,SELL,1,620,2021-05-27T07:18:04.925,2021-05-27T07:18:04.928,18:04.9,07:18:04,0,600,0,#N/A,1055.602,-1,0,0,0,0,0,0,0,0
limpid-josh,M3@bmm,8040,1280,32689,4,32689,2236,NULL,19837723,19837723,19837723,19837708,LIMIT,SELL,1,610,2021-05-27T07:18:20.338,2021-05-27T07:18:20.345,18:20.3,07:18:20,1,600,610,10,1071.015,-1,0,0,1,0,0,0,0,0
limpid-josh,M1@bmm,8038,1280,32689,4,32689,2236,NULL,19837724,19837724,19837724,19837719,LIMIT,SELL,1,610,2021-05-27T07:18:21.616,2021-05-27T07:18:21.624,18:21.6,07:18:21,1,600,610,10,1072.293,-1,1,0,0,0,0,0,0,0
limpid-josh,M6@bmm,8043,1280,32689,4,32689,2236,NULL,19837725,19837721,19837725,19837721,CANCEL,BUY,1,605,2021-05-27T07:18:26.494,2021-05-27T07:18:26.500,18:26.5,07:18:26,0,600,0,#N/A,1077.171,1,0,0,0,0,0,0,0,0
limpid-josh,M7@bmm,8044,1280,32689,4,32689,2236,NULL,19837726,19837726,19837726,NULL,LIMIT,SELL,1,615,2021-05-27T07:18:27.586,2021-05-27T07:18:27.589,18:27.6,07:18:27,0,600,0,#N/A,1078.263,-1,0,0,0,0,0,0,0,0
limpid-josh,M4@bmm,8041,1280,32689,4,32689,2236,NULL,19837727,19837727,19837727,19837735,LIMIT,BUY,1,610,2021-05-27T07:18:40.051,2021-05-27T07:19:01.583,18:40.1,07:18:40,0,600,0,#N/A,1090.728,1,0,0,0,0,0,0,0,0
limpid-josh,M5@bmm,8042,1280,32689,4,32689,2236,NULL,19837728,19837709,19837728,19837709,CANCEL,BUY,1,600,2021-05-27T07:18:43.769,2021-05-27T07:18:43.776,18:43.8,07:18:43,0,600,0,#N/A,1094.446,1,0,0,0,0,0,0,0,0
limpid-josh,M5@bmm,8042,1280,32689,4,32689,2236,NULL,19837729,19837720,19837729,19837720,CANCEL,BUY,2,605,2021-05-27T07:18:44.264,2021-05-27T07:18:44.270,18:44.3,07:18:44,0,600,0,#N/A,1094.941,1,0,0,0,0,0,0,0,0
limpid-josh,M1@bmm,8038,1280,32689,4,32689,2236,NULL,19837730,19837684,19837730,19837684,CANCEL,BUY,1,590,2021-05-27T07:18:47.739,2021-05-27T07:18:47.745,18:47.7,07:18:47,0,600,0,#N/A,1098.416,1,0,0,0,0,0,0,0,0
limpid-josh,M5@bmm,8042,1280,32689,4,32689,2236,NULL,19837731,19837691,19837731,19837691,CANCEL,BUY,1,600,2021-05-27T07:18:47.905,2021-05-27T07:18:47.911,18:47.9,07:18:47,0,600,0,#N/A,1098.582,1,0,0,0,0,0,0,0,0
limpid-josh,M1@bmm,8038,1280,32689,4,32689,2236,NULL,19837732,19837682,19837732,19837682,CANCEL,BUY,1,590,2021-05-27T07:18:48.625,2021-05-27T07:18:48.635,18:48.6,07:18:48,0,600,0,#N/A,1099.302,1,0,0,0,0,0,0,0,0
limpid-josh,M2@bmm,8039,1280,32689,4,32689,2236,NULL,19837733,19837733,19837733,NULL,LIMIT,BUY,1,0,2021-05-27T07:18:50.354,2021-05-27T07:18:50.357,18:50.4,07:18:50,0,600,0,#N/A,1101.031,1,0,0,0,0,0,0,0,0
limpid-josh,M5@bmm,8042,1280,32689,4,32689,2236,NULL,19837734,19837734,19837734,0,LIMIT,SELL,2,610,2021-05-27T07:19:01.569,2021-05-27T07:19:01.583,19:01.6,07:19:01,0,600,0,#N/A,1112.246,-1,0,0,0,0,0,0,0,0
limpid-josh,M5@bmm,8042,1280,32689,4,32689,2236,NULL,19837735,19837734,19837734,19837727,LIMIT,SELL,1,610,2021-05-27T07:19:01.577,2021-05-27T07:19:01.583,19:01.6,07:19:01,1,600,610,10,1112.254,-1,0,0,0,0,1,0,0,0
limpid-josh,M5@bmm,8042,1280,32689,4,32689,2236,NULL,19837736,19837734,19837734,NULL,LIMIT,SELL,1,610,2021-05-27T07:19:01.569,2021-05-27T07:19:01.583,19:01.6,07:19:01,0,600,0,#N/A,1112.246,-1,0,0,0,0,0,0,0,0
limpid-josh,M5@bmm,8042,1280,32689,4,32689,2236,NULL,19837737,19837737,19837737,NULL,LIMIT,SELL,2,610,2021-05-27T07:19:05.415,2021-05-27T07:19:05.418,19:05.4,07:19:05,0,600,0,#N/A,1116.092,-1,0,0,0,0,0,0,0,0
limpid-josh,M6@bmm,8043,1280,32689,4,32689,2236,NULL,19837738,19837686,19837738,19837686,CANCEL,SELL,1,625,2021-05-27T07:19:05.874,2021-05-27T07:19:05.881,19:05.9,07:19:05,0,600,0,#N/A,1116.551,-1,0,0,0,0,0,0,0,0
limpid-josh,M2@bmm,8039,1280,32689,4,32689,2236,NULL,19837739,19837668,19837739,19837668,CANCEL,SELL,1,635,2021-05-27T07:19:06.726,2021-05-27T07:19:06.732,19:06.7,07:19:06,0,600,0,#N/A,1117.403,-1,0,0,0,0,0,0,0,0
limpid-josh,M2@bmm,8039,1280,32689,4,32689,2236,NULL,19837740,19837665,19837740,19837665,CANCEL,SELL,1,630,2021-05-27T07:19:07.745,2021-05-27T07:19:07.751,19:07.7,07:19:07,0,600,0,#N/A,1118.422,-1,0,0,0,0,0,0,0,0
limpid-josh,M2@bmm,8039,1280,32689,4,32689,2236,NULL,19837741,19837662,19837741,19837662,CANCEL,SELL,1,625,2021-05-27T07:19:08.682,2021-05-27T07:19:08.693,19:08.7,07:19:08,0,600,0,#N/A,1119.359,-1,0,0,0,0,0,0,0,0
limpid-josh,M5@bmm,8042,1280,32689,4,32689,2236,NULL,19837742,19837742,19837742,0,LIMIT,SELL,2,605,2021-05-27T07:19:09.278,2021-05-27T07:19:13.397,19:09.3,07:19:09,0,600,0,#N/A,1119.955,-1,0,0,0,0,0,0,0,0
limpid-josh,M2@bmm,8039,1280,32689,4,32689,2236,NULL,19837743,19837743,19837743,19837744,LIMIT,BUY,1,605,2021-05-27T07:19:13.385,2021-05-27T07:19:13.397,19:13.4,07:19:13,0,600,0,#N/A,1124.062,1,0,0,0,0,0,0,0,0
limpid-josh,M5@bmm,8042,1280,32689,4,32689,2236,NULL,19837744,19837742,19837742,19837743,LIMIT,SELL,1,605,2021-05-27T07:19:13.391,2021-05-27T07:19:13.397,19:13.4,07:19:13,1,600,605,5,1124.068,-1,0,0,0,0,1,0,0,0
limpid-josh,M5@bmm,8042,1280,32689,4,32689,2236,NULL,19837745,19837742,19837742,19837749,LIMIT,SELL,1,605,2021-05-27T07:19:09.278,2021-05-27T07:19:20.949,19:09.3,07:19:09,0,600,0,#N/A,1119.955,-1,0,0,0,0,0,0,0,0
limpid-josh,M8@bmm,8045,1280,32689,4,32689,2236,NULL,19837746,19837746,19837746,NULL,LIMIT,BUY,1,600,2021-05-27T07:19:13.404,2021-05-27T07:19:13.420,19:13.4,07:19:13,0,600,0,#N/A,1124.081,1,0,0,0,0,0,0,0,0
limpid-josh,M6@bmm,8043,1280,32689,4,32689,2236,NULL,19837747,19837713,19837747,19837713,CANCEL,SELL,1,630,2021-05-27T07:19:15.285,2021-05-27T07:19:15.291,19:15.3,07:19:15,0,600,0,#N/A,1125.962,-1,0,0,0,0,0,0,0,0
limpid-josh,M8@bmm,8045,1280,32689,4,32689,2236,NULL,19837748,19837748,19837748,0,LIMIT,BUY,1,610,2021-05-27T07:19:20.938,2021-05-27T07:19:20.949,19:20.9,07:19:20,0,600,0,#N/A,1131.615,1,0,0,0,0,0,0,0,0
limpid-josh,M8@bmm,8045,1280,32689,4,32689,2236,NULL,19837749,19837748,19837748,19837745,LIMIT,BUY,1,605,2021-05-27T07:19:20.946,2021-05-27T07:19:20.949,19:20.9,07:19:20,1,600,605,5,1131.623,1,0,0,0,0,0,0,0,1
limpid-josh,M5@bmm,8042,1280,32689,4,32689,2236,NULL,19837750,19837750,19837750,0,LIMIT,SELL,2,600,2021-05-27T07:19:21.991,2021-05-27T07:19:22.015,19:22.0,07:19:21,0,600,0,#N/A,1132.668,-1,0,0,0,0,0,0,0,0
limpid-josh,M5@bmm,8042,1280,32689,4,32689,2236,NULL,19837751,19837750,19837750,19837670,LIMIT,SELL,1,600,2021-05-27T07:19:22.001,2021-05-27T07:19:22.016,19:22.0,07:19:22,1,600,600,0,1132.678,-1,0,0,0,0,1,0,0,0
