account,email,owner,marketplace,session,period,market,target,order,original,supplier,consumer,type,side,units,price,createdDate,lastModifiedDate,16. just time,17. just second,,trade,fair value,trade price,mispricing,time mins,time secs,buy/sell
pert-josh,M6@bmm,4569,433,8169,1,814,NULL,2519650,2519650,2519650,NULL,LIMIT,SELL,1,1000,2019-03-06T05:55:11.836,2019-03-06T05:55:11.839,,05:55:11.836,05:55:11.836,0,750,#N/A,#N/A,00:00:00,0,-1
pert-josh,M1@bmm,4564,433,8169,1,814,NULL,2519651,2519651,2519651,2519653,LIMIT,SELL,1,435,2019-03-06T05:55:13.443,2019-03-06T05:55:13.467,,05:55:13.443,05:55:13.443,0,750,#N/A,#N/A,00:00:02,1.607,-1
pert-josh,M3@bmm,4566,433,8169,1,814,NULL,2519653,2519652,2519652,2519651,LIMIT,BUY,1,435,2019-03-06T05:55:13.463,2019-03-06T05:55:13.467,,05:55:13.463,05:55:13.463,1,750,435,-315,00:00:02,1.627,1
pert-josh,M2@bmm,4565,433,8169,1,814,NULL,2519654,2519654,2519654,NULL,LIMIT,BUY,1,380,2019-03-06T05:55:16.155,2019-03-06T05:55:16.157,,05:55:16.155,05:55:16.155,0,750,#N/A,#N/A,00:00:04,4.319,1
pert-josh,M8@bmm,4571,433,8169,1,814,NULL,2519657,2519657,2519657,NULL,LIMIT,SELL,1,700,2019-03-06T05:55:27.715,2019-03-06T05:55:27.718,,05:55:27.715,05:55:27.715,0,750,#N/A,#N/A,00:00:16,15.879,-1
pert-josh,M2@bmm,4565,433,8169,1,814,NULL,2519658,2519658,2519658,NULL,LIMIT,BUY,1,420,2019-03-06T05:55:29.804,2019-03-06T05:55:29.807,,05:55:29.804,05:55:29.804,0,750,#N/A,#N/A,00:00:18,17.968,1
pert-josh,M3@bmm,4566,433,8169,1,814,NULL,2519659,2519659,2519659,NULL,LIMIT,SELL,1,695,2019-03-06T05:55:31.197,2019-03-06T05:55:31.200,,05:55:31.197,05:55:31.197,0,750,#N/A,#N/A,00:00:19,19.361,-1
pert-josh,M1@bmm,4564,433,8169,1,814,NULL,2519661,2519661,2519661,2519663,LIMIT,SELL,1,435,2019-03-06T05:55:36.222,2019-03-06T05:55:38.374,,05:55:36.222,05:55:36.222,0,750,#N/A,#N/A,00:00:24,24.386,-1
pert-josh,M6@bmm,4569,433,8169,1,814,NULL,2519663,2519662,2519662,2519661,LIMIT,BUY,1,435,2019-03-06T05:55:38.370,2019-03-06T05:55:38.374,,05:55:38.370,05:55:38.370,1,750,435,-315,00:00:27,26.534,1
pert-josh,M1@bmm,4564,433,8169,1,814,NULL,2519665,2519665,2519665,2519667,LIMIT,SELL,1,435,2019-03-06T05:55:43.821,2019-03-06T05:55:45.326,,05:55:43.821,05:55:43.821,0,750,#N/A,#N/A,00:00:32,31.985,-1
pert-josh,M6@bmm,4569,433,8169,1,814,NULL,2519667,2519666,2519666,2519665,LIMIT,BUY,1,435,2019-03-06T05:55:45.321,2019-03-06T05:55:45.326,,05:55:45.321,05:55:45.321,1,750,435,-315,00:00:33,33.485,1
pert-josh,M8@bmm,4571,433,8169,1,814,NULL,2519669,2519669,2519669,2519673,LIMIT,BUY,1,515,2019-03-06T05:55:47.929,2019-03-06T05:55:54.802,,05:55:47.929,05:55:47.929,0,750,#N/A,#N/A,00:00:36,36.093,1
pert-josh,M1@bmm,4564,433,8169,1,814,NULL,2519670,2519670,2519670,2519678,LIMIT,SELL,1,545,2019-03-06T05:55:53.013,2019-03-06T05:55:58.892,,05:55:53.013,05:55:53.013,0,750,#N/A,#N/A,00:00:41,41.177,-1
pert-josh,M2@bmm,4565,433,8169,1,814,NULL,2519673,2519672,2519672,2519669,LIMIT,SELL,1,515,2019-03-06T05:55:54.798,2019-03-06T05:55:54.802,,05:55:54.798,05:55:54.798,1,750,515,-235,00:00:43,42.962,-1
pert-josh,M5@bmm,4568,433,8169,1,814,NULL,2519674,2519674,2519674,2519677,LIMIT,BUY,1,525,2019-03-06T05:55:55.270,2019-03-06T05:55:58.085,,05:55:55.270,05:55:55.270,0,750,#N/A,#N/A,00:00:43,43.434,1
pert-josh,M2@bmm,4565,433,8169,1,814,NULL,2519677,2519676,2519676,2519674,LIMIT,SELL,1,525,2019-03-06T05:55:58.080,2019-03-06T05:55:58.085,,05:55:58.080,05:55:58.080,1,750,525,-225,00:00:46,46.244,-1
pert-josh,M3@bmm,4566,433,8169,1,814,NULL,2519678,2519678,2519678,2519670,LIMIT,BUY,1,545,2019-03-06T05:55:58.884,2019-03-06T05:55:58.892,,05:55:58.884,05:55:58.884,1,750,545,-205,00:00:47,47.048,1
pert-josh,M8@bmm,4571,433,8169,1,814,NULL,2519679,2519679,2519679,2519681,LIMIT,SELL,1,500,2019-03-06T05:56:03.033,2019-03-06T05:56:05.021,,05:56:03.033,05:56:03.033,0,750,#N/A,#N/A,00:00:51,51.197,-1
pert-josh,M6@bmm,4569,433,8169,1,814,NULL,2519681,2519680,2519680,2519679,LIMIT,BUY,1,500,2019-03-06T05:56:05.017,2019-03-06T05:56:05.021,,05:56:05.017,05:56:05.017,1,750,500,-250,00:00:53,53.181,1
pert-josh,M5@bmm,4568,433,8169,1,814,NULL,2519682,2519682,2519682,2519686,LIMIT,BUY,1,495,2019-03-06T05:56:07.328,2019-03-06T05:56:12.070,,05:56:07.328,05:56:07.328,0,750,#N/A,#N/A,00:00:55,55.492,1
pert-josh,M3@bmm,4566,433,8169,1,814,NULL,2519683,2519683,2519683,2519711,LIMIT,SELL,1,565,2019-03-06T05:56:08.253,2019-03-06T05:56:47.983,,05:56:08.253,05:56:08.253,0,750,#N/A,#N/A,00:00:56,56.417,-1
pert-josh,M6@bmm,4569,433,8169,1,814,NULL,2519684,2519684,2519684,2519689,LIMIT,SELL,1,530,2019-03-06T05:56:11.595,2019-03-06T05:56:16.658,,05:56:11.595,05:56:11.595,0,750,#N/A,#N/A,00:01:00,59.759,-1
pert-josh,M1@bmm,4564,433,8169,1,814,NULL,2519686,2519685,2519685,2519682,LIMIT,SELL,1,495,2019-03-06T05:56:12.066,2019-03-06T05:56:12.070,,05:56:12.066,05:56:12.066,1,750,495,-255,00:01:00,60.23,-1
pert-josh,M6@bmm,4569,433,8169,1,814,NULL,2519688,2519688,2519688,2519690,LIMIT,SELL,1,530,2019-03-06T05:56:16.275,2019-03-06T05:56:17.428,,05:56:16.275,05:56:16.275,0,750,#N/A,#N/A,00:01:04,64.439,-1
pert-josh,M4@bmm,4567,433,8169,1,814,NULL,2519689,2519689,2519689,2519684,LIMIT,BUY,1,530,2019-03-06T05:56:16.647,2019-03-06T05:56:16.658,,05:56:16.647,05:56:16.647,1,750,530,-220,00:01:05,64.811,1
pert-josh,M3@bmm,4566,433,8169,1,814,NULL,2519690,2519690,2519690,2519688,LIMIT,BUY,1,530,2019-03-06T05:56:17.421,2019-03-06T05:56:17.428,,05:56:17.421,05:56:17.421,1,750,530,-220,00:01:06,65.585,1
pert-josh,M1@bmm,4564,433,8169,1,814,NULL,2519693,2519693,2519693,2519698,LIMIT,SELL,1,495,2019-03-06T05:56:21.892,2019-03-06T05:56:26.125,,05:56:21.892,05:56:21.892,0,750,#N/A,#N/A,00:01:10,70.056,-1
pert-josh,M8@bmm,4571,433,8169,1,814,NULL,2519696,2519696,2519696,NULL,LIMIT,SELL,1,605,2019-03-06T05:56:25.178,2019-03-06T05:56:25.181,,05:56:25.178,05:56:25.178,0,750,#N/A,#N/A,00:01:13,73.342,-1
pert-josh,M6@bmm,4569,433,8169,1,814,NULL,2519698,2519697,2519697,2519693,LIMIT,BUY,1,495,2019-03-06T05:56:26.120,2019-03-06T05:56:26.125,,05:56:26.120,05:56:26.120,1,750,495,-255,00:01:14,74.284,1
pert-josh,M5@bmm,4568,433,8169,1,814,NULL,2519699,2519699,2519699,2519701,LIMIT,SELL,1,525,2019-03-06T05:56:27.479,2019-03-06T05:56:30.486,,05:56:27.479,05:56:27.479,0,750,#N/A,#N/A,00:01:16,75.643,-1
pert-josh,M2@bmm,4565,433,8169,1,814,NULL,2519701,2519700,2519700,2519699,LIMIT,BUY,1,525,2019-03-06T05:56:30.481,2019-03-06T05:56:30.486,,05:56:30.481,05:56:30.481,1,750,525,-225,00:01:19,78.645,1
pert-josh,M4@bmm,4567,433,8169,1,814,NULL,2519702,2519702,2519702,2519707,LIMIT,SELL,1,560,2019-03-06T05:56:30.918,2019-03-06T05:56:43.149,,05:56:30.918,05:56:30.918,0,750,#N/A,#N/A,00:01:19,79.082,-1
pert-josh,M1@bmm,4564,433,8169,1,814,NULL,2519703,2519703,2519703,NULL,LIMIT,BUY,1,435,2019-03-06T05:56:31.972,2019-03-06T05:56:31.975,,05:56:31.972,05:56:31.972,0,750,#N/A,#N/A,00:01:20,80.136,1
pert-josh,M8@bmm,4571,433,8169,1,814,NULL,2519705,2519705,2519705,NULL,LIMIT,BUY,1,450,2019-03-06T05:56:36.832,2019-03-06T05:56:36.835,,05:56:36.832,05:56:36.832,0,750,#N/A,#N/A,00:01:25,84.996,1
pert-josh,M1@bmm,4564,433,8169,1,814,NULL,2519706,2519706,2519706,NULL,LIMIT,BUY,1,540,2019-03-06T05:56:38.875,2019-03-06T05:56:38.878,,05:56:38.875,05:56:38.875,0,750,#N/A,#N/A,00:01:27,87.039,1
pert-josh,M2@bmm,4565,433,8169,1,814,NULL,2519707,2519707,2519707,2519702,LIMIT,BUY,1,560,2019-03-06T05:56:43.142,2019-03-06T05:56:43.149,,05:56:43.142,05:56:43.142,1,750,560,-190,00:01:31,91.306,1
pert-josh,M7@bmm,4570,433,8169,1,814,NULL,2519708,2519708,2519708,NULL,LIMIT,BUY,2,545,2019-03-06T05:56:43.337,2019-03-06T05:56:43.340,,05:56:43.337,05:56:43.337,0,750,#N/A,#N/A,00:01:32,91.501,1
pert-josh,M1@bmm,4564,433,8169,1,814,NULL,2519710,2519710,2519710,2519712,LIMIT,BUY,1,555,2019-03-06T05:56:47.542,2019-03-06T05:56:49.342,,05:56:47.542,05:56:47.542,0,750,#N/A,#N/A,00:01:36,95.706,1
pert-josh,M2@bmm,4565,433,8169,1,814,NULL,2519711,2519711,2519711,2519683,LIMIT,BUY,1,565,2019-03-06T05:56:47.973,2019-03-06T05:56:47.983,,05:56:47.973,05:56:47.973,1,750,565,-185,00:01:36,96.137,1
pert-josh,M5@bmm,4568,433,8169,1,814,NULL,2519712,2519712,2519712,2519710,LIMIT,SELL,1,555,2019-03-06T05:56:49.335,2019-03-06T05:56:49.342,,05:56:49.335,05:56:49.335,1,750,555,-195,00:01:37,97.499,-1
pert-josh,M2@bmm,4565,433,8169,1,814,NULL,2519713,2519713,2519713,NULL,LIMIT,SELL,1,855,2019-03-06T05:56:54.610,2019-03-06T05:56:54.613,,05:56:54.610,05:56:54.610,0,750,#N/A,#N/A,00:01:43,102.774,-1
pert-josh,M6@bmm,4569,433,8169,1,814,NULL,2519715,2519715,2519715,2519718,LIMIT,SELL,1,570,2019-03-06T05:56:56.002,2019-03-06T05:57:00.970,,05:56:56.002,05:56:56.002,0,750,#N/A,#N/A,00:01:44,104.166,-1
pert-josh,M3@bmm,4566,433,8169,1,814,NULL,2519718,2519718,2519718,2519715,LIMIT,BUY,1,570,2019-03-06T05:57:00.960,2019-03-06T05:57:00.970,,05:57:00.960,05:57:00.960,1,750,570,-180,00:01:49,109.124,1
pert-josh,M5@bmm,4568,433,8169,1,814,NULL,2519719,2519719,2519719,2519732,LIMIT,BUY,1,555,2019-03-06T05:57:01.399,2019-03-06T05:57:18.158,,05:57:01.399,05:57:01.399,0,750,#N/A,#N/A,00:01:50,109.563,1
pert-josh,M1@bmm,4564,433,8169,1,814,NULL,2519720,2519720,2519720,2519730,LIMIT,SELL,1,560,2019-03-06T05:57:01.885,2019-03-06T05:57:09.206,,05:57:01.885,05:57:01.885,0,750,#N/A,#N/A,00:01:50,110.049,-1
pert-josh,M6@bmm,4569,433,8169,1,814,NULL,2519721,2519721,2519721,NULL,LIMIT,SELL,1,575,2019-03-06T05:57:02.126,2019-03-06T05:57:02.130,,05:57:02.126,05:57:02.126,0,750,#N/A,#N/A,00:01:50,110.29,-1
pert-josh,M1@bmm,4564,433,8169,1,814,NULL,2519725,2519725,2519725,2519741,LIMIT,SELL,1,560,2019-03-06T05:57:05.597,2019-03-06T05:57:27.391,,05:57:05.597,05:57:05.597,0,750,#N/A,#N/A,00:01:54,113.761,-1
pert-josh,M1@bmm,4564,433,8169,1,814,NULL,2519726,2519726,2519726,2519742,LIMIT,SELL,1,560,2019-03-06T05:57:06.716,2019-03-06T05:57:28.687,,05:57:06.716,05:57:06.716,0,750,#N/A,#N/A,00:01:55,114.88,-1
pert-josh,M8@bmm,4571,433,8169,1,814,NULL,2519728,2519728,2519728,2519745,LIMIT,BUY,1,555,2019-03-06T05:57:08.546,2019-03-06T05:57:34.174,,05:57:08.546,05:57:08.546,0,750,#N/A,#N/A,00:01:57,116.71,1
pert-josh,M3@bmm,4566,433,8169,1,814,NULL,2519729,2519729,2519729,NULL,LIMIT,SELL,1,600,2019-03-06T05:57:08.901,2019-03-06T05:57:08.905,,05:57:08.901,05:57:08.901,0,750,#N/A,#N/A,00:01:57,117.065,-1
pert-josh,M5@bmm,4568,433,8169,1,814,NULL,2519730,2519730,2519730,2519720,LIMIT,BUY,1,560,2019-03-06T05:57:09.199,2019-03-06T05:57:09.206,,05:57:09.199,05:57:09.199,1,750,560,-190,00:01:57,117.363,1
pert-josh,M1@bmm,4564,433,8169,1,814,NULL,2519732,2519732,2519732,2519719,LIMIT,SELL,1,555,2019-03-06T05:57:18.151,2019-03-06T05:57:18.158,,05:57:18.151,05:57:18.151,1,750,555,-195,00:02:06,126.315,-1
pert-josh,M5@bmm,4568,433,8169,1,814,NULL,2519733,2519733,2519733,2519751,LIMIT,SELL,1,565,2019-03-06T05:57:18.471,2019-03-06T05:57:42.629,,05:57:18.471,05:57:18.471,0,750,#N/A,#N/A,00:02:07,126.635,-1
pert-josh,M8@bmm,4571,433,8169,1,814,NULL,2519734,2519734,2519734,NULL,LIMIT,SELL,1,590,2019-03-06T05:57:18.729,2019-03-06T05:57:18.733,,05:57:18.729,05:57:18.729,0,750,#N/A,#N/A,00:02:07,126.893,-1
pert-josh,M1@bmm,4564,433,8169,1,814,NULL,2519738,2519738,2519738,2519752,LIMIT,SELL,1,565,2019-03-06T05:57:25.319,2019-03-06T05:57:42.629,,05:57:25.319,05:57:25.319,0,750,#N/A,#N/A,00:02:13,133.483,-1
pert-josh,M7@bmm,4570,433,8169,1,814,NULL,2519739,2519739,2519739,NULL,LIMIT,SELL,2,575,2019-03-06T05:57:25.409,2019-03-06T05:57:25.412,,05:57:25.409,05:57:25.409,0,750,#N/A,#N/A,00:02:14,133.573,-1
pert-josh,M6@bmm,4569,433,8169,1,814,NULL,2519741,2519740,2519740,2519725,LIMIT,BUY,1,560,2019-03-06T05:57:27.387,2019-03-06T05:57:27.392,,05:57:27.387,05:57:27.387,1,750,560,-190,00:02:16,135.551,1
pert-josh,M5@bmm,4568,433,8169,1,814,NULL,2519742,2519742,2519742,2519726,LIMIT,BUY,1,560,2019-03-06T05:57:28.680,2019-03-06T05:57:28.687,,05:57:28.680,05:57:28.680,1,750,560,-190,00:02:17,136.844,1
pert-josh,M4@bmm,4567,433,8169,1,814,NULL,2519745,2519745,2519745,2519728,LIMIT,SELL,1,555,2019-03-06T05:57:34.167,2019-03-06T05:57:34.174,,05:57:34.167,05:57:34.167,1,750,555,-195,00:02:22,142.331,-1
pert-josh,M6@bmm,4569,433,8169,1,814,NULL,2519746,2519746,2519746,2519757,LIMIT,SELL,1,565,2019-03-06T05:57:35.244,2019-03-06T05:57:53.253,,05:57:35.244,05:57:35.244,0,750,#N/A,#N/A,00:02:23,143.408,-1
pert-josh,M1@bmm,4564,433,8169,1,814,NULL,2519747,2519747,2519747,2519769,LIMIT,BUY,1,550,2019-03-06T05:57:39.238,2019-03-06T05:58:15.767,,05:57:39.238,05:57:39.238,0,750,#N/A,#N/A,00:02:27,147.402,1
pert-josh,M1@bmm,4564,433,8169,1,814,NULL,2519748,2519748,2519748,2519772,LIMIT,BUY,1,550,2019-03-06T05:57:40.804,2019-03-06T05:58:18.983,,05:57:40.804,05:57:40.804,0,750,#N/A,#N/A,00:02:29,148.968,1
pert-josh,M5@bmm,4568,433,8169,1,814,NULL,2519749,2519749,2519749,2519753,LIMIT,BUY,1,555,2019-03-06T05:57:41.326,2019-03-06T05:57:44.389,,05:57:41.326,05:57:41.326,0,750,#N/A,#N/A,00:02:29,149.49,1
pert-josh,M2@bmm,4565,433,8169,1,814,NULL,2519751,2519750,2519750,2519733,LIMIT,BUY,1,565,2019-03-06T05:57:42.619,2019-03-06T05:57:42.629,,05:57:42.619,05:57:42.619,1,750,565,-185,00:02:31,150.783,1
pert-josh,M2@bmm,4565,433,8169,1,814,NULL,2519752,2519750,2519750,2519738,LIMIT,BUY,1,565,2019-03-06T05:57:42.624,2019-03-06T05:57:42.629,,05:57:42.624,05:57:42.624,1,750,565,-185,00:02:31,150.788,1
pert-josh,M3@bmm,4566,433,8169,1,814,NULL,2519753,2519753,2519753,2519749,LIMIT,SELL,1,555,2019-03-06T05:57:44.382,2019-03-06T05:57:44.389,,05:57:44.382,05:57:44.382,1,750,555,-195,00:02:33,152.546,-1
pert-josh,M1@bmm,4564,433,8169,1,814,NULL,2519754,2519754,2519754,2519767,LIMIT,BUY,1,555,2019-03-06T05:57:44.415,2019-03-06T05:58:10.759,,05:57:44.415,05:57:44.415,0,750,#N/A,#N/A,00:02:33,152.579,1
pert-josh,M6@bmm,4569,433,8169,1,814,NULL,2519755,2519755,2519755,NULL,LIMIT,SELL,1,565,2019-03-06T05:57:46.453,2019-03-06T05:57:46.456,,05:57:46.453,05:57:46.453,0,750,#N/A,#N/A,00:02:35,154.617,-1
pert-josh,M6@bmm,4569,433,8169,1,814,NULL,2519756,2519756,2519756,NULL,LIMIT,SELL,1,570,2019-03-06T05:57:50.662,2019-03-06T05:57:50.665,,05:57:50.662,05:57:50.662,0,750,#N/A,#N/A,00:02:39,158.826,-1
pert-josh,M3@bmm,4566,433,8169,1,814,NULL,2519757,2519757,2519757,2519746,LIMIT,BUY,1,565,2019-03-06T05:57:53.246,2019-03-06T05:57:53.253,,05:57:53.246,05:57:53.246,1,750,565,-185,00:02:41,161.41,1
pert-josh,M6@bmm,4569,433,8169,1,814,NULL,2519760,2519759,2519759,2519761,LIMIT,BUY,1,560,2019-03-06T05:58:00.155,2019-03-06T05:58:00.167,,05:58:00.155,05:58:00.155,0,750,#N/A,#N/A,00:02:48,168.319,1
pert-josh,M1@bmm,4564,433,8169,1,814,NULL,2519761,2519758,2519758,2519760,LIMIT,SELL,1,560,2019-03-06T05:58:00.158,2019-03-06T05:58:00.167,,05:58:00.158,05:58:00.158,1,750,560,-190,00:02:48,168.322,-1
pert-josh,M1@bmm,4564,433,8169,1,814,NULL,2519762,2519758,2519758,2519782,LIMIT,SELL,3,560,2019-03-06T05:57:56.110,2019-03-06T05:58:37.380,,05:57:56.110,05:57:56.110,0,750,#N/A,#N/A,00:02:44,164.274,-1
pert-josh,M8@bmm,4571,433,8169,1,814,NULL,2519763,2519763,2519763,NULL,LIMIT,SELL,1,580,2019-03-06T05:58:01.512,2019-03-06T05:58:01.516,,05:58:01.512,05:58:01.512,0,750,#N/A,#N/A,00:02:50,169.676,-1
pert-josh,M5@bmm,4568,433,8169,1,814,NULL,2519764,2519764,2519764,2519783,LIMIT,SELL,1,560,2019-03-06T05:58:01.608,2019-03-06T05:58:37.381,,05:58:01.608,05:58:01.608,0,750,#N/A,#N/A,00:02:50,169.772,-1
pert-josh,M5@bmm,4568,433,8169,1,814,NULL,2519765,2519765,2519765,2519784,LIMIT,SELL,1,560,2019-03-06T05:58:03.944,2019-03-06T05:58:37.381,,05:58:03.944,05:58:03.944,0,750,#N/A,#N/A,00:02:52,172.108,-1
pert-josh,M3@bmm,4566,433,8169,1,814,NULL,2519766,2519766,2519766,NULL,LIMIT,SELL,1,600,2019-03-06T05:58:04.703,2019-03-06T05:58:04.706,,05:58:04.703,05:58:04.703,0,750,#N/A,#N/A,00:02:53,172.867,-1
pert-josh,M5@bmm,4568,433,8169,1,814,NULL,2519767,2519767,2519767,2519754,LIMIT,SELL,1,555,2019-03-06T05:58:10.753,2019-03-06T05:58:10.759,,05:58:10.753,05:58:10.753,1,750,555,-195,00:02:59,178.917,-1
pert-josh,M3@bmm,4566,433,8169,1,814,NULL,2519768,2519768,2519768,2519771,LIMIT,SELL,1,555,2019-03-06T05:58:12.485,2019-03-06T05:58:16.335,,05:58:12.485,05:58:12.485,0,750,#N/A,#N/A,00:03:01,180.649,-1
pert-josh,M5@bmm,4568,433,8169,1,814,NULL,2519769,2519769,2519769,2519747,LIMIT,SELL,1,550,2019-03-06T05:58:15.760,2019-03-06T05:58:15.767,,05:58:15.760,05:58:15.760,1,750,550,-200,00:03:04,183.924,-1
pert-josh,M6@bmm,4569,433,8169,1,814,NULL,2519771,2519770,2519770,2519768,LIMIT,BUY,1,555,2019-03-06T05:58:16.330,2019-03-06T05:58:16.335,,05:58:16.330,05:58:16.330,1,750,555,-195,00:03:04,184.494,1
pert-josh,M5@bmm,4568,433,8169,1,814,NULL,2519772,2519772,2519772,2519748,LIMIT,SELL,1,550,2019-03-06T05:58:18.976,2019-03-06T05:58:18.982,,05:58:18.976,05:58:18.976,1,750,550,-200,00:03:07,187.14,-1
pert-josh,M4@bmm,4567,433,8169,1,814,NULL,2519773,2519773,2519773,2519785,LIMIT,SELL,2,560,2019-03-06T05:58:19.634,2019-03-06T05:58:37.381,,05:58:19.634,05:58:19.634,0,750,#N/A,#N/A,00:03:08,187.798,-1
pert-josh,M8@bmm,4571,433,8169,1,814,NULL,2519774,2519774,2519774,2519777,LIMIT,SELL,1,555,2019-03-06T05:58:20.793,2019-03-06T05:58:24.438,,05:58:20.793,05:58:20.793,0,750,#N/A,#N/A,00:03:09,188.957,-1
pert-josh,M5@bmm,4568,433,8169,1,814,NULL,2519775,2519775,2519775,2519779,LIMIT,BUY,1,550,2019-03-06T05:58:22.433,2019-03-06T05:58:30.726,,05:58:22.433,05:58:22.433,0,750,#N/A,#N/A,00:03:11,190.597,1
pert-josh,M6@bmm,4569,433,8169,1,814,NULL,2519777,2519776,2519776,2519774,LIMIT,BUY,1,555,2019-03-06T05:58:24.434,2019-03-06T05:58:24.438,,05:58:24.434,05:58:24.434,1,750,555,-195,00:03:13,192.598,1
pert-josh,M8@bmm,4571,433,8169,1,814,NULL,2519778,2519778,2519778,NULL,LIMIT,BUY,1,540,2019-03-06T05:58:29.193,2019-03-06T05:58:29.196,,05:58:29.193,05:58:29.193,0,750,#N/A,#N/A,00:03:17,197.357,1
pert-josh,M3@bmm,4566,433,8169,1,814,NULL,2519779,2519779,2519779,2519775,LIMIT,SELL,1,550,2019-03-06T05:58:30.718,2019-03-06T05:58:30.726,,05:58:30.718,05:58:30.718,1,750,550,-200,00:03:19,198.882,-1
pert-josh,M5@bmm,4568,433,8169,1,814,NULL,2519780,2519780,2519780,2519794,LIMIT,BUY,1,550,2019-03-06T05:58:35.256,2019-03-06T05:59:02.233,,05:58:35.256,05:58:35.256,0,750,#N/A,#N/A,00:03:23,203.42,1
pert-josh,M2@bmm,4565,433,8169,1,814,NULL,2519782,2519781,2519781,2519762,LIMIT,BUY,3,560,2019-03-06T05:58:37.362,2019-03-06T05:58:37.381,,05:58:37.362,05:58:37.362,1,750,560,-190,00:03:26,205.526,1
pert-josh,M2@bmm,4565,433,8169,1,814,NULL,2519783,2519781,2519781,2519764,LIMIT,BUY,1,560,2019-03-06T05:58:37.366,2019-03-06T05:58:37.381,,05:58:37.366,05:58:37.366,1,750,560,-190,00:03:26,205.53,1
pert-josh,M2@bmm,4565,433,8169,1,814,NULL,2519784,2519781,2519781,2519765,LIMIT,BUY,1,560,2019-03-06T05:58:37.371,2019-03-06T05:58:37.381,,05:58:37.371,05:58:37.371,1,750,560,-190,00:03:26,205.535,1
pert-josh,M2@bmm,4565,433,8169,1,814,NULL,2519785,2519781,2519781,2519773,LIMIT,BUY,2,560,2019-03-06T05:58:37.376,2019-03-06T05:58:37.381,,05:58:37.376,05:58:37.376,1,750,560,-190,00:03:26,205.54,1
pert-josh,M1@bmm,4564,433,8169,1,814,NULL,2519786,2519786,2519786,NULL,LIMIT,SELL,3,560,2019-03-06T05:58:37.822,2019-03-06T05:58:37.826,,05:58:37.822,05:58:37.822,0,750,#N/A,#N/A,00:03:26,205.986,-1
pert-josh,M5@bmm,4568,433,8169,1,814,NULL,2519787,2519787,2519787,2519798,LIMIT,BUY,1,550,2019-03-06T05:58:39.072,2019-03-06T05:59:19.871,,05:58:39.072,05:58:39.072,0,750,#N/A,#N/A,00:03:27,207.236,1
pert-josh,M5@bmm,4568,433,8169,1,814,NULL,2519788,2519788,2519788,2519808,LIMIT,SELL,1,555,2019-03-06T05:58:43.361,2019-03-06T05:59:46.678,,05:58:43.361,05:58:43.361,0,750,#N/A,#N/A,00:03:32,211.525,-1
pert-josh,M5@bmm,4568,433,8169,1,814,NULL,2519789,2519789,2519789,2519809,LIMIT,SELL,1,555,2019-03-06T05:58:46.576,2019-03-06T05:59:46.678,,05:58:46.576,05:58:46.576,0,750,#N/A,#N/A,00:03:35,214.74,-1
pert-josh,M5@bmm,4568,433,8169,1,814,NULL,2519790,2519790,2519790,2519810,LIMIT,SELL,1,555,2019-03-06T05:58:47.559,2019-03-06T05:59:46.678,,05:58:47.559,05:58:47.559,0,750,#N/A,#N/A,00:03:36,215.723,-1
pert-josh,M2@bmm,4565,433,8169,1,814,NULL,2519793,2519793,2519793,NULL,LIMIT,SELL,3,560,2019-03-06T05:58:56.189,2019-03-06T05:58:56.192,,05:58:56.189,05:58:56.189,0,750,#N/A,#N/A,00:03:44,224.353,-1
pert-josh,M3@bmm,4566,433,8169,1,814,NULL,2519794,2519794,2519794,2519780,LIMIT,SELL,1,550,2019-03-06T05:59:02.223,2019-03-06T05:59:02.232,,05:59:02.223,05:59:02.223,1,750,550,-200,00:03:50,230.387,-1
pert-josh,M8@bmm,4571,433,8169,1,814,NULL,2519795,2519795,2519795,2519805,LIMIT,BUY,1,550,2019-03-06T05:59:03.208,2019-03-06T05:59:34.903,,05:59:03.208,05:59:03.208,0,750,#N/A,#N/A,00:03:51,231.372,1
pert-josh,M3@bmm,4566,433,8169,1,814,NULL,2519798,2519798,2519798,2519787,LIMIT,SELL,1,550,2019-03-06T05:59:19.864,2019-03-06T05:59:19.871,,05:59:19.864,05:59:19.864,1,750,550,-200,00:04:08,248.028,-1
pert-josh,M5@bmm,4568,433,8169,1,814,NULL,2519801,2519801,2519801,2519802,LIMIT,SELL,1,550,2019-03-06T05:59:32.457,2019-03-06T05:59:32.471,,05:59:32.457,05:59:32.457,0,750,#N/A,#N/A,00:04:21,260.621,-1
pert-josh,M1@bmm,4564,433,8169,1,814,NULL,2519802,2519791,2519791,2519801,LIMIT,BUY,1,550,2019-03-06T05:59:32.464,2019-03-06T05:59:32.472,,05:59:32.464,05:59:32.464,1,750,550,-200,00:04:21,260.628,1
pert-josh,M5@bmm,4568,433,8169,1,814,NULL,2519805,2519805,2519805,2519795,LIMIT,SELL,1,550,2019-03-06T05:59:34.896,2019-03-06T05:59:34.902,,05:59:34.896,05:59:34.896,1,750,550,-200,00:04:23,263.06,-1
pert-josh,M6@bmm,4569,433,8169,1,814,NULL,2519806,2519806,2519806,2519816,LIMIT,BUY,1,550,2019-03-06T05:59:40.453,2019-03-06T05:59:51.913,,05:59:40.453,05:59:40.453,0,750,#N/A,#N/A,00:04:29,268.617,1
pert-josh,M1@bmm,4564,433,8169,1,814,NULL,2519808,2519807,2519807,2519788,LIMIT,BUY,1,555,2019-03-06T05:59:46.664,2019-03-06T05:59:46.678,,05:59:46.664,05:59:46.664,1,750,555,-195,00:04:35,274.828,1
pert-josh,M1@bmm,4564,433,8169,1,814,NULL,2519809,2519807,2519807,2519789,LIMIT,BUY,1,555,2019-03-06T05:59:46.669,2019-03-06T05:59:46.678,,05:59:46.669,05:59:46.669,1,750,555,-195,00:04:35,274.833,1
pert-josh,M1@bmm,4564,433,8169,1,814,NULL,2519810,2519807,2519807,2519790,LIMIT,BUY,1,555,2019-03-06T05:59:46.673,2019-03-06T05:59:46.678,,05:59:46.673,05:59:46.673,1,750,555,-195,00:04:35,274.837,1
pert-josh,M5@bmm,4568,433,8169,1,814,NULL,2519812,2519812,2519812,2519813,LIMIT,SELL,1,555,2019-03-06T05:59:48.576,2019-03-06T05:59:48.589,,05:59:48.576,05:59:48.576,0,750,#N/A,#N/A,00:04:37,276.74,-1
pert-josh,M4@bmm,4567,433,8169,1,814,NULL,2519813,2519811,2519811,2519812,LIMIT,BUY,1,555,2019-03-06T05:59:48.582,2019-03-06T05:59:48.590,,05:59:48.582,05:59:48.582,1,750,555,-195,00:04:37,276.746,1
pert-josh,M4@bmm,4567,433,8169,1,814,NULL,2519814,2519811,2519811,2519815,LIMIT,BUY,1,555,2019-03-06T05:59:48.032,2019-03-06T05:59:49.446,,05:59:48.032,05:59:48.032,0,750,#N/A,#N/A,00:04:36,276.196,1
pert-josh,M5@bmm,4568,433,8169,1,814,NULL,2519815,2519815,2519815,2519814,LIMIT,SELL,1,555,2019-03-06T05:59:49.439,2019-03-06T05:59:49.446,,05:59:49.439,05:59:49.439,1,750,555,-195,00:04:38,277.603,-1
pert-josh,M3@bmm,4566,433,8169,1,814,NULL,2519816,2519816,2519816,2519806,LIMIT,SELL,1,550,2019-03-06T05:59:51.905,2019-03-06T05:59:51.913,,05:59:51.905,05:59:51.905,1,750,550,-200,00:04:40,280.069,-1
pert-josh,M6@bmm,4569,433,8169,1,814,NULL,2519817,2519817,2519817,NULL,LIMIT,BUY,1,550,2019-03-06T05:59:54.341,2019-03-06T05:59:54.345,,05:59:54.341,05:59:54.341,0,750,#N/A,#N/A,00:04:43,282.505,1
pert-josh,M5@bmm,4568,433,8169,1,814,NULL,2519819,2519819,2519819,2519822,LIMIT,SELL,1,555,2019-03-06T05:59:57.007,2019-03-06T05:59:57.825,,05:59:57.007,05:59:57.007,0,750,#N/A,#N/A,00:04:45,285.171,-1
pert-josh,M1@bmm,4564,433,8169,1,814,NULL,2519820,2519820,2519820,NULL,LIMIT,SELL,4,565,2019-03-06T05:59:57.040,2019-03-06T05:59:57.043,,05:59:57.040,05:59:57.040,0,750,#N/A,#N/A,00:04:45,285.204,-1
pert-josh,M7@bmm,4570,433,8169,1,814,NULL,2519822,2519822,2519822,2519819,LIMIT,BUY,1,555,2019-03-06T05:59:57.818,2019-03-06T05:59:57.825,,05:59:57.818,05:59:57.818,1,750,555,-195,00:04:46,285.982,1
pert-josh,M5@bmm,4568,433,8169,1,814,NULL,2519823,2519823,2519823,NULL,LIMIT,SELL,1,555,2019-03-06T05:59:58.193,2019-03-06T05:59:58.196,,05:59:58.193,05:59:58.193,0,750,#N/A,#N/A,00:04:46,286.357,-1
pert-josh,M1@bmm,4564,433,8170,2,814,NULL,2519825,2519825,2519825,2519827,LIMIT,SELL,1,405,2019-03-06T06:00:41.543,2019-03-06T06:00:42.886,,06:00:41.543,06:00:41.543,0,700,#N/A,#N/A,00:05:30,329.707,-1
pert-josh,M2@bmm,4565,433,8170,2,814,NULL,2519827,2519826,2519826,2519825,LIMIT,BUY,1,405,2019-03-06T06:00:42.882,2019-03-06T06:00:42.886,,06:00:42.882,06:00:42.882,1,700,405,-295,00:05:31,331.046,1
pert-josh,M6@bmm,4569,433,8170,2,814,NULL,2519828,2519828,2519828,2519830,LIMIT,BUY,1,545,2019-03-06T06:00:43.541,2019-03-06T06:00:44.281,,06:00:43.541,06:00:43.541,0,700,#N/A,#N/A,00:05:32,331.705,1
pert-josh,M1@bmm,4564,433,8170,2,814,NULL,2519830,2519829,2519829,2519828,LIMIT,SELL,1,545,2019-03-06T06:00:44.277,2019-03-06T06:00:44.281,,06:00:44.277,06:00:44.277,1,700,545,-155,00:05:32,332.441,-1
pert-josh,M1@bmm,4564,433,8170,2,814,NULL,2519831,2519831,2519831,2519833,LIMIT,SELL,1,405,2019-03-06T06:00:45.870,2019-03-06T06:00:48.128,,06:00:45.870,06:00:45.870,0,700,#N/A,#N/A,00:05:34,334.034,-1
pert-josh,M6@bmm,4569,433,8170,2,814,NULL,2519833,2519832,2519832,2519831,LIMIT,BUY,1,405,2019-03-06T06:00:48.123,2019-03-06T06:00:48.128,,06:00:48.123,06:00:48.123,1,700,405,-295,00:05:36,336.287,1
pert-josh,M8@bmm,4571,433,8170,2,814,NULL,2519835,2519835,2519835,NULL,LIMIT,BUY,1,500,2019-03-06T06:00:50.674,2019-03-06T06:00:50.677,,06:00:50.674,06:00:50.674,0,700,#N/A,#N/A,00:05:39,338.838,1
pert-josh,M6@bmm,4569,433,8170,2,814,NULL,2519836,2519836,2519836,2519839,LIMIT,BUY,1,545,2019-03-06T06:00:51.950,2019-03-06T06:00:53.550,,06:00:51.950,06:00:51.950,0,700,#N/A,#N/A,00:05:40,340.114,1
pert-josh,M1@bmm,4564,433,8170,2,814,NULL,2519839,2519838,2519838,2519836,LIMIT,SELL,1,545,2019-03-06T06:00:53.546,2019-03-06T06:00:53.550,,06:00:53.546,06:00:53.546,1,700,545,-155,00:05:42,341.71,-1
pert-josh,M7@bmm,4570,433,8170,2,814,NULL,2519842,2519842,2519842,NULL,LIMIT,BUY,3,500,2019-03-06T06:00:55.568,2019-03-06T06:00:55.571,,06:00:55.568,06:00:55.568,0,700,#N/A,#N/A,00:05:44,343.732,1
pert-josh,M8@bmm,4571,433,8170,2,814,NULL,2519843,2519843,2519843,NULL,LIMIT,SELL,1,600,2019-03-06T06:00:55.616,2019-03-06T06:00:55.619,,06:00:55.616,06:00:55.616,0,700,#N/A,#N/A,00:05:44,343.78,-1
pert-josh,M1@bmm,4564,433,8170,2,814,NULL,2519844,2519844,2519844,2519848,LIMIT,SELL,1,560,2019-03-06T06:00:56.439,2019-03-06T06:01:02.763,,06:00:56.439,06:00:56.439,0,700,#N/A,#N/A,00:05:45,344.603,-1
pert-josh,M2@bmm,4565,433,8170,2,814,NULL,2519848,2519848,2519848,2519844,LIMIT,BUY,1,560,2019-03-06T06:01:02.756,2019-03-06T06:01:02.763,,06:01:02.756,06:01:02.756,1,700,560,-140,00:05:51,350.92,1
pert-josh,M1@bmm,4564,433,8170,2,814,NULL,2519853,2519853,2519853,2519857,LIMIT,SELL,1,540,2019-03-06T06:01:07.695,2019-03-06T06:01:11.564,,06:01:07.695,06:01:07.695,0,700,#N/A,#N/A,00:05:56,355.859,-1
pert-josh,M7@bmm,4570,433,8170,2,814,NULL,2519856,2519856,2519856,NULL,LIMIT,SELL,2,700,2019-03-06T06:01:10.688,2019-03-06T06:01:10.692,,06:01:10.688,06:01:10.688,0,700,#N/A,#N/A,00:05:59,358.852,-1
pert-josh,M6@bmm,4569,433,8170,2,814,NULL,2519857,2519857,2519857,2519853,LIMIT,BUY,1,540,2019-03-06T06:01:11.557,2019-03-06T06:01:11.564,,06:01:11.557,06:01:11.557,1,700,540,-160,00:06:00,359.721,1
pert-josh,M8@bmm,4571,433,8170,2,814,NULL,2519859,2519859,2519859,NULL,LIMIT,BUY,1,525,2019-03-06T06:01:13.818,2019-03-06T06:01:13.821,,06:01:13.818,06:01:13.818,0,700,#N/A,#N/A,00:06:02,361.982,1
pert-josh,M6@bmm,4569,433,8170,2,814,NULL,2519862,2519862,2519862,NULL,LIMIT,SELL,1,570,2019-03-06T06:01:18.680,2019-03-06T06:01:18.683,,06:01:18.680,06:01:18.680,0,700,#N/A,#N/A,00:06:07,366.844,-1
pert-josh,M6@bmm,4569,433,8170,2,814,NULL,2519863,2519863,2519863,NULL,LIMIT,SELL,1,570,2019-03-06T06:01:18.915,2019-03-06T06:01:18.919,,06:01:18.915,06:01:18.915,0,700,#N/A,#N/A,00:06:07,367.079,-1
pert-josh,M5@bmm,4568,433,8170,2,814,NULL,2519864,2519864,2519864,2519933,LIMIT,BUY,1,550,2019-03-06T06:01:19.033,2019-03-06T06:02:50.885,,06:01:19.033,06:01:19.033,0,700,#N/A,#N/A,00:06:07,367.197,1
pert-josh,M6@bmm,4569,433,8170,2,814,NULL,2519865,2519865,2519865,NULL,LIMIT,SELL,1,570,2019-03-06T06:01:20.125,2019-03-06T06:01:20.129,,06:01:20.125,06:01:20.125,0,700,#N/A,#N/A,00:06:08,368.289,-1
pert-josh,M8@bmm,4571,433,8170,2,814,NULL,2519866,2519866,2519866,NULL,LIMIT,SELL,1,590,2019-03-06T06:01:22.403,2019-03-06T06:01:22.406,,06:01:22.403,06:01:22.403,0,700,#N/A,#N/A,00:06:11,370.567,-1
pert-josh,M3@bmm,4566,433,8170,2,814,NULL,2519871,2519871,2519871,2519872,LIMIT,BUY,1,560,2019-03-06T06:01:32.011,2019-03-06T06:01:32.025,,06:01:32.011,06:01:32.011,0,700,#N/A,#N/A,00:06:20,380.175,1
pert-josh,M1@bmm,4564,433,8170,2,814,NULL,2519872,2519869,2519869,2519871,LIMIT,SELL,1,560,2019-03-06T06:01:32.017,2019-03-06T06:01:32.025,,06:01:32.017,06:01:32.017,1,700,560,-140,00:06:20,380.181,-1
pert-josh,M6@bmm,4569,433,8170,2,814,NULL,2519874,2519874,2519874,2519875,LIMIT,BUY,1,555,2019-03-06T06:01:32.033,2019-03-06T06:01:33.176,,06:01:32.033,06:01:32.033,0,700,#N/A,#N/A,00:06:20,380.197,1
pert-josh,M5@bmm,4568,433,8170,2,814,NULL,2519875,2519875,2519875,2519874,LIMIT,SELL,1,555,2019-03-06T06:01:33.168,2019-03-06T06:01:33.176,,06:01:33.168,06:01:33.168,1,700,555,-145,00:06:21,381.332,-1
pert-josh,M3@bmm,4566,433,8170,2,814,NULL,2519876,2519876,2519876,2519877,LIMIT,BUY,1,560,2019-03-06T06:01:33.440,2019-03-06T06:01:33.455,,06:01:33.440,06:01:33.440,0,700,#N/A,#N/A,00:06:22,381.604,1
pert-josh,M1@bmm,4564,433,8170,2,814,NULL,2519877,2519869,2519873,2519876,LIMIT,SELL,1,560,2019-03-06T06:01:33.448,2019-03-06T06:01:33.455,,06:01:33.448,06:01:33.448,1,700,560,-140,00:06:22,381.612,-1
pert-josh,M1@bmm,4564,433,8170,2,814,NULL,2519878,2519869,2519873,2519886,LIMIT,SELL,1,560,2019-03-06T06:01:28.280,2019-03-06T06:01:43.512,,06:01:28.280,06:01:28.280,0,700,#N/A,#N/A,00:06:16,376.444,-1
pert-josh,M6@bmm,4569,433,8170,2,814,NULL,2519879,2519879,2519879,2519880,LIMIT,BUY,1,555,2019-03-06T06:01:34.437,2019-03-06T06:01:35.052,,06:01:34.437,06:01:34.437,0,700,#N/A,#N/A,00:06:23,382.601,1
pert-josh,M8@bmm,4571,433,8170,2,814,NULL,2519880,2519880,2519880,2519879,LIMIT,SELL,1,555,2019-03-06T06:01:35.044,2019-03-06T06:01:35.052,,06:01:35.044,06:01:35.044,1,700,555,-145,00:06:23,383.208,-1
pert-josh,M5@bmm,4568,433,8170,2,814,NULL,2519882,2519882,2519882,2519883,LIMIT,SELL,1,555,2019-03-06T06:01:35.824,2019-03-06T06:01:38.344,,06:01:35.824,06:01:35.824,0,700,#N/A,#N/A,00:06:24,383.988,-1
pert-josh,M3@bmm,4566,433,8170,2,814,NULL,2519883,2519883,2519883,2519882,LIMIT,BUY,1,555,2019-03-06T06:01:38.337,2019-03-06T06:01:38.344,,06:01:38.337,06:01:38.337,1,700,555,-145,00:06:27,386.501,1
pert-josh,M5@bmm,4568,433,8170,2,814,NULL,2519884,2519884,2519884,2519885,LIMIT,SELL,1,555,2019-03-06T06:01:38.952,2019-03-06T06:01:39.939,,06:01:38.952,06:01:38.952,0,700,#N/A,#N/A,00:06:27,387.116,-1
pert-josh,M2@bmm,4565,433,8170,2,814,NULL,2519885,2519885,2519885,2519884,LIMIT,BUY,1,555,2019-03-06T06:01:39.932,2019-03-06T06:01:39.939,,06:01:39.932,06:01:39.932,1,700,555,-145,00:06:28,388.096,1
pert-josh,M2@bmm,4565,433,8170,2,814,NULL,2519886,2519886,2519886,2519878,LIMIT,BUY,1,560,2019-03-06T06:01:43.503,2019-03-06T06:01:43.512,,06:01:43.503,06:01:43.503,1,700,560,-140,00:06:32,391.667,1
pert-josh,M6@bmm,4569,433,8170,2,814,NULL,2519889,2519889,2519889,2519897,LIMIT,BUY,1,555,2019-03-06T06:01:47.998,2019-03-06T06:02:03.940,,06:01:47.998,06:01:47.998,0,700,#N/A,#N/A,00:06:36,396.162,1
pert-josh,M4@bmm,4567,433,8170,2,814,NULL,2519895,2519895,2519895,2519918,LIMIT,SELL,1,560,2019-03-06T06:01:54.576,2019-03-06T06:02:41.678,,06:01:54.576,06:01:54.576,0,700,#N/A,#N/A,00:06:43,402.74,-1
pert-josh,M6@bmm,4569,433,8170,2,814,NULL,2519896,2519896,2519896,2519898,LIMIT,BUY,1,555,2019-03-06T06:01:55.925,2019-03-06T06:02:04.487,,06:01:55.925,06:01:55.925,0,700,#N/A,#N/A,00:06:44,404.089,1
pert-josh,M5@bmm,4568,433,8170,2,814,NULL,2519897,2519897,2519897,2519889,LIMIT,SELL,1,555,2019-03-06T06:02:03.930,2019-03-06T06:02:03.940,,06:02:03.930,06:02:03.930,1,700,555,-145,00:06:52,412.094,-1
pert-josh,M5@bmm,4568,433,8170,2,814,NULL,2519898,2519898,2519898,2519896,LIMIT,SELL,1,555,2019-03-06T06:02:04.480,2019-03-06T06:02:04.487,,06:02:04.480,06:02:04.480,1,700,555,-145,00:06:53,412.644,-1
pert-josh,M2@bmm,4565,433,8170,2,814,NULL,2519899,2519899,2519899,2519900,LIMIT,BUY,2,560,2019-03-06T06:02:05.030,2019-03-06T06:02:05.044,,06:02:05.030,06:02:05.030,0,700,#N/A,#N/A,00:06:53,413.194,1
pert-josh,M1@bmm,4564,433,8170,2,814,NULL,2519900,2519893,2519893,2519899,LIMIT,SELL,2,560,2019-03-06T06:02:05.036,2019-03-06T06:02:05.044,,06:02:05.036,06:02:05.036,1,700,560,-140,00:06:53,413.2,-1
pert-josh,M6@bmm,4569,433,8170,2,814,NULL,2519902,2519902,2519902,2519904,LIMIT,BUY,1,555,2019-03-06T06:02:06.806,2019-03-06T06:02:09.928,,06:02:06.806,06:02:06.806,0,700,#N/A,#N/A,00:06:55,414.97,1
pert-josh,M8@bmm,4571,433,8170,2,814,NULL,2519903,2519903,2519903,2519983,LIMIT,BUY,1,550,2019-03-06T06:02:07.924,2019-03-06T06:04:16.667,,06:02:07.924,06:02:07.924,0,700,#N/A,#N/A,00:06:56,416.088,1
pert-josh,M3@bmm,4566,433,8170,2,814,NULL,2519904,2519904,2519904,2519902,LIMIT,SELL,1,555,2019-03-06T06:02:09.921,2019-03-06T06:02:09.928,,06:02:09.921,06:02:09.921,1,700,555,-145,00:06:58,418.085,-1
pert-josh,M8@bmm,4571,433,8170,2,814,NULL,2519907,2519907,2519907,2519928,LIMIT,BUY,1,555,2019-03-06T06:02:15.233,2019-03-06T06:02:47.699,,06:02:15.233,06:02:15.233,0,700,#N/A,#N/A,00:07:03,423.397,1
pert-josh,M8@bmm,4571,433,8170,2,814,NULL,2519908,2519908,2519908,2519919,LIMIT,SELL,1,560,2019-03-06T06:02:17.370,2019-03-06T06:02:41.678,,06:02:17.370,06:02:17.370,0,700,#N/A,#N/A,00:07:06,425.534,-1
pert-josh,M5@bmm,4568,433,8170,2,814,NULL,2519909,2519909,2519909,2519920,LIMIT,SELL,1,560,2019-03-06T06:02:18.652,2019-03-06T06:02:41.678,,06:02:18.652,06:02:18.652,0,700,#N/A,#N/A,00:07:07,426.816,-1
pert-josh,M5@bmm,4568,433,8170,2,814,NULL,2519910,2519910,2519910,2519930,LIMIT,SELL,1,560,2019-03-06T06:02:19.273,2019-03-06T06:02:50.029,,06:02:19.273,06:02:19.273,0,700,#N/A,#N/A,00:07:07,427.437,-1
pert-josh,M3@bmm,4566,433,8170,2,814,NULL,2519911,2519911,2519911,NULL,LIMIT,SELL,1,605,2019-03-06T06:02:25.395,2019-03-06T06:02:25.398,,06:02:25.395,06:02:25.395,0,700,#N/A,#N/A,00:07:14,433.559,-1
pert-josh,M6@bmm,4569,433,8170,2,814,NULL,2519912,2519912,2519912,2519931,LIMIT,SELL,1,560,2019-03-06T06:02:30.416,2019-03-06T06:02:50.029,,06:02:30.416,06:02:30.416,0,700,#N/A,#N/A,00:07:19,438.58,-1
pert-josh,M6@bmm,4569,433,8170,2,814,NULL,2519913,2519913,2519913,2519932,LIMIT,SELL,1,560,2019-03-06T06:02:32.535,2019-03-06T06:02:50.029,,06:02:32.535,06:02:32.535,0,700,#N/A,#N/A,00:07:21,440.699,-1
pert-josh,M7@bmm,4570,433,8170,2,814,NULL,2519918,2519917,2519917,2519895,LIMIT,BUY,1,560,2019-03-06T06:02:41.663,2019-03-06T06:02:41.678,,06:02:41.663,06:02:41.663,1,700,560,-140,00:07:30,449.827,1
pert-josh,M7@bmm,4570,433,8170,2,814,NULL,2519919,2519917,2519917,2519908,LIMIT,BUY,1,560,2019-03-06T06:02:41.668,2019-03-06T06:02:41.678,,06:02:41.668,06:02:41.668,1,700,560,-140,00:07:30,449.832,1
pert-josh,M7@bmm,4570,433,8170,2,814,NULL,2519920,2519917,2519917,2519909,LIMIT,BUY,1,560,2019-03-06T06:02:41.673,2019-03-06T06:02:41.678,,06:02:41.673,06:02:41.673,1,700,560,-140,00:07:30,449.837,1
pert-josh,M5@bmm,4568,433,8170,2,814,NULL,2519921,2519921,2519921,2519922,LIMIT,SELL,1,555,2019-03-06T06:02:42.227,2019-03-06T06:02:42.240,,06:02:42.227,06:02:42.227,0,700,#N/A,#N/A,00:07:30,450.391,-1
pert-josh,M1@bmm,4564,433,8170,2,814,NULL,2519922,2519906,2519906,2519921,LIMIT,BUY,1,555,2019-03-06T06:02:42.233,2019-03-06T06:02:42.240,,06:02:42.233,06:02:42.233,1,700,555,-145,00:07:30,450.397,1
pert-josh,M5@bmm,4568,433,8170,2,814,NULL,2519924,2519924,2519924,2519925,LIMIT,SELL,1,555,2019-03-06T06:02:42.936,2019-03-06T06:02:42.950,,06:02:42.936,06:02:42.936,0,700,#N/A,#N/A,00:07:31,451.1,-1
pert-josh,M1@bmm,4564,433,8170,2,814,NULL,2519925,2519906,2519923,2519924,LIMIT,BUY,1,555,2019-03-06T06:02:42.943,2019-03-06T06:02:42.951,,06:02:42.943,06:02:42.943,1,700,555,-145,00:07:31,451.107,1
pert-josh,M1@bmm,4564,433,8170,2,814,NULL,2519926,2519906,2519923,2519927,LIMIT,BUY,3,555,2019-03-06T06:02:14.795,2019-03-06T06:02:47.411,,06:02:14.795,06:02:14.795,0,700,#N/A,#N/A,00:07:03,422.959,1
pert-josh,M2@bmm,4565,433,8170,2,814,NULL,2519927,2519927,2519927,2519926,LIMIT,SELL,3,555,2019-03-06T06:02:47.405,2019-03-06T06:02:47.411,,06:02:47.405,06:02:47.405,1,700,555,-145,00:07:36,455.569,-1
pert-josh,M3@bmm,4566,433,8170,2,814,NULL,2519928,2519928,2519928,2519907,LIMIT,SELL,1,555,2019-03-06T06:02:47.692,2019-03-06T06:02:47.699,,06:02:47.692,06:02:47.692,1,700,555,-145,00:07:36,455.856,-1
pert-josh,M1@bmm,4564,433,8170,2,814,NULL,2519930,2519929,2519929,2519910,LIMIT,BUY,1,560,2019-03-06T06:02:50.016,2019-03-06T06:02:50.029,,06:02:50.016,06:02:50.016,1,700,560,-140,00:07:38,458.18,1
pert-josh,M1@bmm,4564,433,8170,2,814,NULL,2519931,2519929,2519929,2519912,LIMIT,BUY,1,560,2019-03-06T06:02:50.020,2019-03-06T06:02:50.029,,06:02:50.020,06:02:50.020,1,700,560,-140,00:07:38,458.184,1
pert-josh,M1@bmm,4564,433,8170,2,814,NULL,2519932,2519929,2519929,2519913,LIMIT,BUY,1,560,2019-03-06T06:02:50.025,2019-03-06T06:02:50.029,,06:02:50.025,06:02:50.025,1,700,560,-140,00:07:38,458.189,1
pert-josh,M3@bmm,4566,433,8170,2,814,NULL,2519933,2519933,2519933,2519864,LIMIT,SELL,1,550,2019-03-06T06:02:50.877,2019-03-06T06:02:50.885,,06:02:50.877,06:02:50.877,1,700,550,-150,00:07:39,459.041,-1
pert-josh,M8@bmm,4571,433,8170,2,814,NULL,2519934,2519934,2519934,2520017,LIMIT,SELL,1,565,2019-03-06T06:02:53.706,2019-03-06T06:05:02.941,,06:02:53.706,06:02:53.706,0,700,#N/A,#N/A,00:07:42,461.87,-1
pert-josh,M6@bmm,4569,433,8170,2,814,NULL,2519935,2519935,2519935,2519938,LIMIT,BUY,1,555,2019-03-06T06:02:54.387,2019-03-06T06:02:57.570,,06:02:54.387,06:02:54.387,0,700,#N/A,#N/A,00:07:43,462.551,1
pert-josh,M5@bmm,4568,433,8170,2,814,NULL,2519937,2519937,2519937,2519948,LIMIT,SELL,1,560,2019-03-06T06:02:56.465,2019-03-06T06:03:16.096,,06:02:56.465,06:02:56.465,0,700,#N/A,#N/A,00:07:45,464.629,-1
pert-josh,M3@bmm,4566,433,8170,2,814,NULL,2519938,2519938,2519938,2519935,LIMIT,SELL,1,555,2019-03-06T06:02:57.561,2019-03-06T06:02:57.570,,06:02:57.561,06:02:57.561,1,700,555,-145,00:07:46,465.725,-1
pert-josh,M5@bmm,4568,433,8170,2,814,NULL,2519939,2519939,2519939,2519953,LIMIT,SELL,1,560,2019-03-06T06:02:57.575,2019-03-06T06:03:27.960,,06:02:57.575,06:02:57.575,0,700,#N/A,#N/A,00:07:46,465.739,-1
pert-josh,M8@bmm,4571,433,8170,2,814,NULL,2519940,2519940,2519940,2519979,LIMIT,BUY,1,555,2019-03-06T06:03:02.588,2019-03-06T06:04:14.346,,06:03:02.588,06:03:02.588,0,700,#N/A,#N/A,00:07:51,470.752,1
pert-josh,M5@bmm,4568,433,8170,2,814,NULL,2519942,2519942,2519942,2519980,LIMIT,BUY,1,555,2019-03-06T06:03:06.677,2019-03-06T06:04:14.346,,06:03:06.677,06:03:06.677,0,700,#N/A,#N/A,00:07:55,474.841,1
pert-josh,M5@bmm,4568,433,8170,2,814,NULL,2519943,2519943,2519943,2519981,LIMIT,BUY,1,555,2019-03-06T06:03:07.178,2019-03-06T06:04:14.346,,06:03:07.178,06:03:07.178,0,700,#N/A,#N/A,00:07:55,475.342,1
pert-josh,M8@bmm,4571,433,8170,2,814,NULL,2519947,2519947,2519947,2519954,LIMIT,SELL,1,560,2019-03-06T06:03:11.456,2019-03-06T06:03:27.960,,06:03:11.456,06:03:11.456,0,700,#N/A,#N/A,00:08:00,479.62,-1
pert-josh,M3@bmm,4566,433,8170,2,814,NULL,2519948,2519948,2519948,2519937,LIMIT,BUY,1,560,2019-03-06T06:03:16.090,2019-03-06T06:03:16.096,,06:03:16.090,06:03:16.090,1,700,560,-140,00:08:04,484.254,1
pert-josh,M7@bmm,4570,433,8170,2,814,NULL,2519949,2519949,2519949,NULL,LIMIT,BUY,3,550,2019-03-06T06:03:19.884,2019-03-06T06:03:19.887,,06:03:19.884,06:03:19.884,0,700,#N/A,#N/A,00:08:08,488.048,1
pert-josh,M5@bmm,4568,433,8170,2,814,NULL,2519950,2519950,2519950,2519955,LIMIT,SELL,1,560,2019-03-06T06:03:22.826,2019-03-06T06:03:27.960,,06:03:22.826,06:03:22.826,0,700,#N/A,#N/A,00:08:11,490.99,-1
pert-josh,M8@bmm,4571,433,8170,2,814,NULL,2519951,2519951,2519951,2519956,LIMIT,SELL,1,560,2019-03-06T06:03:23.387,2019-03-06T06:03:27.961,,06:03:23.387,06:03:23.387,0,700,#N/A,#N/A,00:08:12,491.551,-1
pert-josh,M1@bmm,4564,433,8170,2,814,NULL,2519953,2519952,2519952,2519939,LIMIT,BUY,1,560,2019-03-06T06:03:27.944,2019-03-06T06:03:27.960,,06:03:27.944,06:03:27.944,1,700,560,-140,00:08:16,496.108,1
pert-josh,M1@bmm,4564,433,8170,2,814,NULL,2519954,2519952,2519952,2519947,LIMIT,BUY,1,560,2019-03-06T06:03:27.948,2019-03-06T06:03:27.960,,06:03:27.948,06:03:27.948,1,700,560,-140,00:08:16,496.112,1
pert-josh,M1@bmm,4564,433,8170,2,814,NULL,2519955,2519952,2519952,2519950,LIMIT,BUY,1,560,2019-03-06T06:03:27.952,2019-03-06T06:03:27.961,,06:03:27.952,06:03:27.952,1,700,560,-140,00:08:16,496.116,1
pert-josh,M1@bmm,4564,433,8170,2,814,NULL,2519956,2519952,2519952,2519951,LIMIT,BUY,1,560,2019-03-06T06:03:27.956,2019-03-06T06:03:27.961,,06:03:27.956,06:03:27.956,1,700,560,-140,00:08:16,496.12,1
pert-josh,M6@bmm,4569,433,8170,2,814,NULL,2519957,2519957,2519957,2519959,LIMIT,BUY,1,560,2019-03-06T06:03:28.407,2019-03-06T06:03:32.234,,06:03:28.407,06:03:28.407,0,700,#N/A,#N/A,00:08:17,496.571,1
pert-josh,M6@bmm,4569,433,8170,2,814,NULL,2519958,2519958,2519958,2519960,LIMIT,BUY,1,560,2019-03-06T06:03:29.038,2019-03-06T06:03:34.011,,06:03:29.038,06:03:29.038,0,700,#N/A,#N/A,00:08:17,497.202,1
pert-josh,M5@bmm,4568,433,8170,2,814,NULL,2519959,2519959,2519959,2519957,LIMIT,SELL,1,560,2019-03-06T06:03:32.227,2019-03-06T06:03:32.233,,06:03:32.227,06:03:32.227,1,700,560,-140,00:08:20,500.391,-1
pert-josh,M3@bmm,4566,433,8170,2,814,NULL,2519960,2519960,2519960,2519958,LIMIT,SELL,1,560,2019-03-06T06:03:34.004,2019-03-06T06:03:34.011,,06:03:34.004,06:03:34.004,1,700,560,-140,00:08:22,502.168,-1
pert-josh,M5@bmm,4568,433,8170,2,814,NULL,2519961,2519961,2519961,NULL,LIMIT,SELL,1,565,2019-03-06T06:03:35.691,2019-03-06T06:03:35.694,,06:03:35.691,06:03:35.691,0,700,#N/A,#N/A,00:08:24,503.855,-1
pert-josh,M6@bmm,4569,433,8170,2,814,NULL,2519962,2519962,2519962,2519963,LIMIT,BUY,1,560,2019-03-06T06:03:36.158,2019-03-06T06:03:38.908,,06:03:36.158,06:03:36.158,0,700,#N/A,#N/A,00:08:24,504.322,1
pert-josh,M3@bmm,4566,433,8170,2,814,NULL,2519963,2519963,2519963,2519962,LIMIT,SELL,1,560,2019-03-06T06:03:38.901,2019-03-06T06:03:38.908,,06:03:38.901,06:03:38.901,1,700,560,-140,00:08:27,507.065,-1
pert-josh,M6@bmm,4569,433,8170,2,814,NULL,2519964,2519964,2519964,2519965,LIMIT,BUY,1,560,2019-03-06T06:03:42.609,2019-03-06T06:03:44.495,,06:03:42.609,06:03:42.609,0,700,#N/A,#N/A,00:08:31,510.773,1
pert-josh,M2@bmm,4565,433,8170,2,814,NULL,2519965,2519965,2519965,2519964,LIMIT,SELL,1,560,2019-03-06T06:03:44.488,2019-03-06T06:03:44.495,,06:03:44.488,06:03:44.488,1,700,560,-140,00:08:33,512.652,-1
pert-josh,M4@bmm,4567,433,8170,2,814,NULL,2519966,2519966,2519966,2519971,LIMIT,SELL,1,560,2019-03-06T06:03:48.121,2019-03-06T06:03:58.139,,06:03:48.121,06:03:48.121,0,700,#N/A,#N/A,00:08:36,516.285,-1
pert-josh,M5@bmm,4568,433,8170,2,814,NULL,2519971,2519971,2519971,2519966,LIMIT,BUY,1,560,2019-03-06T06:03:58.131,2019-03-06T06:03:58.139,,06:03:58.131,06:03:58.131,1,700,560,-140,00:08:46,526.295,1
pert-josh,M2@bmm,4565,433,8170,2,814,NULL,2519972,2519972,2519972,2519974,LIMIT,SELL,1,560,2019-03-06T06:03:59.236,2019-03-06T06:04:00.659,,06:03:59.236,06:03:59.236,0,700,#N/A,#N/A,00:08:47,527.4,-1
pert-josh,M4@bmm,4567,433,8170,2,814,NULL,2519973,2519973,2519973,2519982,LIMIT,BUY,1,555,2019-03-06T06:04:00.429,2019-03-06T06:04:14.346,,06:04:00.429,06:04:00.429,0,700,#N/A,#N/A,00:08:49,528.593,1
pert-josh,M5@bmm,4568,433,8170,2,814,NULL,2519974,2519974,2519974,2519972,LIMIT,BUY,1,560,2019-03-06T06:04:00.652,2019-03-06T06:04:00.659,,06:04:00.652,06:04:00.652,1,700,560,-140,00:08:49,528.816,1
pert-josh,M6@bmm,4569,433,8170,2,814,NULL,2519976,2519976,2519976,2519977,LIMIT,SELL,1,560,2019-03-06T06:04:04.008,2019-03-06T06:04:04.900,,06:04:04.008,06:04:04.008,0,700,#N/A,#N/A,00:08:52,532.172,-1
pert-josh,M5@bmm,4568,433,8170,2,814,NULL,2519977,2519977,2519977,2519976,LIMIT,BUY,1,560,2019-03-06T06:04:04.890,2019-03-06T06:04:04.899,,06:04:04.890,06:04:04.890,1,700,560,-140,00:08:53,533.054,1
pert-josh,M1@bmm,4564,433,8170,2,814,NULL,2519979,2519978,2519978,2519940,LIMIT,SELL,1,555,2019-03-06T06:04:14.329,2019-03-06T06:04:14.346,,06:04:14.329,06:04:14.329,1,700,555,-145,00:09:02,542.493,-1
pert-josh,M1@bmm,4564,433,8170,2,814,NULL,2519980,2519978,2519978,2519942,LIMIT,SELL,1,555,2019-03-06T06:04:14.333,2019-03-06T06:04:14.346,,06:04:14.333,06:04:14.333,1,700,555,-145,00:09:02,542.497,-1
pert-josh,M1@bmm,4564,433,8170,2,814,NULL,2519981,2519978,2519978,2519943,LIMIT,SELL,1,555,2019-03-06T06:04:14.337,2019-03-06T06:04:14.346,,06:04:14.337,06:04:14.337,1,700,555,-145,00:09:03,542.501,-1
pert-josh,M1@bmm,4564,433,8170,2,814,NULL,2519982,2519978,2519978,2519973,LIMIT,SELL,1,555,2019-03-06T06:04:14.342,2019-03-06T06:04:14.346,,06:04:14.342,06:04:14.342,1,700,555,-145,00:09:03,542.506,-1
pert-josh,M3@bmm,4566,433,8170,2,814,NULL,2519983,2519983,2519983,2519903,LIMIT,SELL,1,550,2019-03-06T06:04:16.658,2019-03-06T06:04:16.667,,06:04:16.658,06:04:16.658,1,700,550,-150,00:09:05,544.822,-1
pert-josh,M6@bmm,4569,433,8170,2,814,NULL,2519984,2519984,2519984,2519986,LIMIT,SELL,1,560,2019-03-06T06:04:17.705,2019-03-06T06:04:20.776,,06:04:17.705,06:04:17.705,0,700,#N/A,#N/A,00:09:06,545.869,-1
pert-josh,M5@bmm,4568,433,8170,2,814,NULL,2519985,2519985,2519985,NULL,LIMIT,BUY,1,555,2019-03-06T06:04:19.692,2019-03-06T06:04:19.695,,06:04:19.692,06:04:19.692,0,700,#N/A,#N/A,00:09:08,547.856,1
pert-josh,M2@bmm,4565,433,8170,2,814,NULL,2519986,2519986,2519986,2519984,LIMIT,BUY,1,560,2019-03-06T06:04:20.770,2019-03-06T06:04:20.776,,06:04:20.770,06:04:20.770,1,700,560,-140,00:09:09,548.934,1
pert-josh,M5@bmm,4568,433,8170,2,814,NULL,2519987,2519987,2519987,2519989,LIMIT,SELL,1,560,2019-03-06T06:04:25.821,2019-03-06T06:04:31.333,,06:04:25.821,06:04:25.821,0,700,#N/A,#N/A,00:09:14,553.985,-1
pert-josh,M5@bmm,4568,433,8170,2,814,NULL,2519988,2519988,2519988,2519992,LIMIT,SELL,1,560,2019-03-06T06:04:26.923,2019-03-06T06:04:34.176,,06:04:26.923,06:04:26.923,0,700,#N/A,#N/A,00:09:15,555.087,-1
pert-josh,M3@bmm,4566,433,8170,2,814,NULL,2519989,2519989,2519989,2519987,LIMIT,BUY,1,560,2019-03-06T06:04:31.307,2019-03-06T06:04:31.333,,06:04:31.307,06:04:31.307,1,700,560,-140,00:09:19,559.471,1
pert-josh,M8@bmm,4571,433,8170,2,814,NULL,2519990,2519990,2519990,NULL,LIMIT,BUY,1,555,2019-03-06T06:04:32.128,2019-03-06T06:04:32.132,,06:04:32.128,06:04:32.128,0,700,#N/A,#N/A,00:09:20,560.292,1
pert-josh,M8@bmm,4571,433,8170,2,814,NULL,2519991,2519991,2519991,2519993,LIMIT,SELL,1,560,2019-03-06T06:04:33.738,2019-03-06T06:04:35.521,,06:04:33.738,06:04:33.738,0,700,#N/A,#N/A,00:09:22,561.902,-1
pert-josh,M3@bmm,4566,433,8170,2,814,NULL,2519992,2519992,2519992,2519988,LIMIT,BUY,1,560,2019-03-06T06:04:34.169,2019-03-06T06:04:34.176,,06:04:34.169,06:04:34.169,1,700,560,-140,00:09:22,562.333,1
pert-josh,M2@bmm,4565,433,8170,2,814,NULL,2519993,2519993,2519993,2519991,LIMIT,BUY,1,560,2019-03-06T06:04:35.512,2019-03-06T06:04:35.521,,06:04:35.512,06:04:35.512,1,700,560,-140,00:09:24,563.676,1
pert-josh,M6@bmm,4569,433,8170,2,814,NULL,2519994,2519994,2519994,2519996,LIMIT,SELL,1,560,2019-03-06T06:04:35.601,2019-03-06T06:04:37.841,,06:04:35.601,06:04:35.601,0,700,#N/A,#N/A,00:09:24,563.765,-1
pert-josh,M5@bmm,4568,433,8170,2,814,NULL,2519995,2519995,2519995,2520007,LIMIT,SELL,1,560,2019-03-06T06:04:37.468,2019-03-06T06:04:56.316,,06:04:37.468,06:04:37.468,0,700,#N/A,#N/A,00:09:26,565.632,-1
pert-josh,M3@bmm,4566,433,8170,2,814,NULL,2519996,2519996,2519996,2519994,LIMIT,BUY,1,560,2019-03-06T06:04:37.834,2019-03-06T06:04:37.841,,06:04:37.834,06:04:37.834,1,700,560,-140,00:09:26,565.998,1
pert-josh,M1@bmm,4564,433,8170,2,814,NULL,2520004,2520004,2520004,NULL,LIMIT,BUY,4,555,2019-03-06T06:04:47.154,2019-03-06T06:04:47.158,,06:04:47.154,06:04:47.154,0,700,#N/A,#N/A,00:09:35,575.318,1
pert-josh,M8@bmm,4571,433,8170,2,814,NULL,2520005,2520005,2520005,2520008,LIMIT,SELL,1,560,2019-03-06T06:04:53.371,2019-03-06T06:04:56.316,,06:04:53.371,06:04:53.371,0,700,#N/A,#N/A,00:09:42,581.535,-1
pert-josh,M1@bmm,4564,433,8170,2,814,NULL,2520007,2520006,2520006,2519995,LIMIT,BUY,1,560,2019-03-06T06:04:56.305,2019-03-06T06:04:56.316,,06:04:56.305,06:04:56.305,1,700,560,-140,00:09:44,584.469,1
pert-josh,M1@bmm,4564,433,8170,2,814,NULL,2520008,2520006,2520006,2520005,LIMIT,BUY,1,560,2019-03-06T06:04:56.311,2019-03-06T06:04:56.316,,06:04:56.311,06:04:56.311,1,700,560,-140,00:09:44,584.475,1
pert-josh,M6@bmm,4569,433,8170,2,814,NULL,2520009,2520009,2520009,2520010,LIMIT,BUY,1,560,2019-03-06T06:04:57.137,2019-03-06T06:05:00.372,,06:04:57.137,06:04:57.137,0,700,#N/A,#N/A,00:09:45,585.301,1
pert-josh,M2@bmm,4565,433,8170,2,814,NULL,2520010,2520010,2520010,2520009,LIMIT,SELL,1,560,2019-03-06T06:05:00.363,2019-03-06T06:05:00.372,,06:05:00.363,06:05:00.363,1,700,560,-140,00:09:49,588.527,-1
pert-josh,M5@bmm,4568,433,8170,2,814,NULL,2520011,2520011,2520011,2520014,LIMIT,SELL,1,560,2019-03-06T06:05:00.452,2019-03-06T06:05:00.629,,06:05:00.452,06:05:00.452,0,700,#N/A,#N/A,00:09:49,588.616,-1
pert-josh,M3@bmm,4566,433,8170,2,814,NULL,2520012,2520012,2520012,2520016,LIMIT,SELL,1,560,2019-03-06T06:05:00.545,2019-03-06T06:05:01.648,,06:05:00.545,06:05:00.545,0,700,#N/A,#N/A,00:09:49,588.709,-1
pert-josh,M6@bmm,4569,433,8170,2,814,NULL,2520014,2520013,2520013,2520011,LIMIT,BUY,1,560,2019-03-06T06:05:00.625,2019-03-06T06:05:00.629,,06:05:00.625,06:05:00.625,1,700,560,-140,00:09:49,588.789,1
pert-josh,M6@bmm,4569,433,8170,2,814,NULL,2520016,2520015,2520015,2520012,LIMIT,BUY,1,560,2019-03-06T06:05:01.643,2019-03-06T06:05:01.648,,06:05:01.643,06:05:01.643,1,700,560,-140,00:09:50,589.807,1
pert-josh,M6@bmm,4569,433,8170,2,814,NULL,2520017,2520017,2520017,2519934,LIMIT,BUY,1,565,2019-03-06T06:05:02.930,2019-03-06T06:05:02.941,,06:05:02.930,06:05:02.930,1,700,565,-135,00:09:51,591.094,1
pert-josh,M1@bmm,4564,433,8170,2,814,NULL,2520018,2520018,2520018,NULL,LIMIT,BUY,2,555,2019-03-06T06:05:03.242,2019-03-06T06:05:03.245,,06:05:03.242,06:05:03.242,0,700,#N/A,#N/A,00:09:51,591.406,1
pert-josh,M6@bmm,4569,433,8170,2,814,NULL,2520019,2520019,2520019,2520020,LIMIT,BUY,1,565,2019-03-06T06:05:03.818,2019-03-06T06:05:03.833,,06:05:03.818,06:05:03.818,0,700,#N/A,#N/A,00:09:52,591.982,1
pert-josh,M1@bmm,4564,433,8170,2,814,NULL,2520020,2519941,2519941,2520019,LIMIT,SELL,1,565,2019-03-06T06:05:03.826,2019-03-06T06:05:03.833,,06:05:03.826,06:05:03.826,1,700,565,-135,00:09:52,591.99,-1
pert-josh,M2@bmm,4565,433,8170,2,814,NULL,2520022,2520022,2520022,2520025,LIMIT,SELL,1,560,2019-03-06T06:05:04.030,2019-03-06T06:05:07.711,,06:05:04.030,06:05:04.030,0,700,#N/A,#N/A,00:09:52,592.194,-1
pert-josh,M8@bmm,4571,433,8170,2,814,NULL,2520023,2520023,2520023,2520028,LIMIT,SELL,1,560,2019-03-06T06:05:04.770,2019-03-06T06:05:08.412,,06:05:04.770,06:05:04.770,0,700,#N/A,#N/A,00:09:53,592.934,-1
pert-josh,M6@bmm,4569,433,8170,2,814,NULL,2520025,2520024,2520024,2520022,LIMIT,BUY,1,560,2019-03-06T06:05:07.707,2019-03-06T06:05:07.711,,06:05:07.707,06:05:07.707,1,700,560,-140,00:09:56,595.871,1
pert-josh,M3@bmm,4566,433,8170,2,814,NULL,2520026,2520026,2520026,2520030,LIMIT,SELL,1,560,2019-03-06T06:05:07.744,2019-03-06T06:05:09.492,,06:05:07.744,06:05:07.744,0,700,#N/A,#N/A,00:09:56,595.908,-1
pert-josh,M6@bmm,4569,433,8170,2,814,NULL,2520028,2520027,2520027,2520023,LIMIT,BUY,1,560,2019-03-06T06:05:08.408,2019-03-06T06:05:08.412,,06:05:08.408,06:05:08.408,1,700,560,-140,00:09:57,596.572,1
pert-josh,M6@bmm,4569,433,8170,2,814,NULL,2520030,2520029,2520029,2520026,LIMIT,BUY,1,560,2019-03-06T06:05:09.488,2019-03-06T06:05:09.492,,06:05:09.488,06:05:09.488,1,700,560,-140,00:09:58,597.652,1
pert-josh,M2@bmm,4565,433,8170,2,814,NULL,2520031,2520031,2520031,2520032,LIMIT,SELL,1,560,2019-03-06T06:05:09.588,2019-03-06T06:05:10.100,,06:05:09.588,06:05:09.588,0,700,#N/A,#N/A,00:09:58,597.752,-1
pert-josh,M5@bmm,4568,433,8170,2,814,NULL,2520032,2520032,2520032,2520031,LIMIT,BUY,1,560,2019-03-06T06:05:10.093,2019-03-06T06:05:10.099,,06:05:10.093,06:05:10.093,1,700,560,-140,00:09:58,598.257,1
pert-josh,M6@bmm,4569,433,8170,2,814,NULL,2520033,2520033,2520033,2520034,LIMIT,BUY,1,565,2019-03-06T06:05:10.698,2019-03-06T06:05:10.712,,06:05:10.698,06:05:10.698,0,700,#N/A,#N/A,00:09:59,598.862,1
pert-josh,M1@bmm,4564,433,8170,2,814,NULL,2520034,2519941,2520021,2520033,LIMIT,SELL,1,565,2019-03-06T06:05:10.705,2019-03-06T06:05:10.712,,06:05:10.705,06:05:10.705,1,700,565,-135,00:09:59,598.869,-1
pert-josh,M1@bmm,4564,433,8170,2,814,NULL,2520035,2519941,2520021,NULL,LIMIT,SELL,3,565,2019-03-06T06:03:03.072,2019-03-06T06:05:10.712,,06:03:03.072,06:03:03.072,0,700,#N/A,#N/A,00:07:51,471.236,-1
pert-josh,M2@bmm,4565,433,8170,2,814,NULL,2520036,2520036,2520036,2520037,LIMIT,SELL,1,560,2019-03-06T06:05:11.558,2019-03-06T06:05:13.110,,06:05:11.558,06:05:11.558,0,700,#N/A,#N/A,00:10:00,599.722,-1
pert-josh,M5@bmm,4568,433,8170,2,814,NULL,2520037,2520037,2520037,2520036,LIMIT,BUY,1,560,2019-03-06T06:05:13.101,2019-03-06T06:05:13.110,,06:05:13.101,06:05:13.101,1,700,560,-140,00:10:01,601.265,1
pert-josh,M2@bmm,4565,433,8170,2,814,NULL,2520038,2520038,2520038,2520039,LIMIT,SELL,1,560,2019-03-06T06:05:14.160,2019-03-06T06:05:15.468,,06:05:14.160,06:05:14.160,0,700,#N/A,#N/A,00:10:02,602.324,-1
pert-josh,M5@bmm,4568,433,8170,2,814,NULL,2520039,2520039,2520039,2520038,LIMIT,BUY,1,560,2019-03-06T06:05:15.461,2019-03-06T06:05:15.468,,06:05:15.461,06:05:15.461,1,700,560,-140,00:10:04,603.625,1
pert-josh,M5@bmm,4568,433,8170,2,814,NULL,2520040,2520040,2520040,2520044,LIMIT,SELL,1,560,2019-03-06T06:05:18.060,2019-03-06T06:05:29.623,,06:05:18.060,06:05:18.060,0,700,#N/A,#N/A,00:10:06,606.224,-1
pert-josh,M5@bmm,4568,433,8170,2,814,NULL,2520041,2520041,2520041,NULL,LIMIT,SELL,1,560,2019-03-06T06:05:19.253,2019-03-06T06:05:19.256,,06:05:19.253,06:05:19.253,0,700,#N/A,#N/A,00:10:07,607.417,-1
pert-josh,M1@bmm,4564,433,8170,2,814,NULL,2520042,2520042,2520042,NULL,LIMIT,BUY,2,555,2019-03-06T06:05:20.603,2019-03-06T06:05:20.606,,06:05:20.603,06:05:20.603,0,700,#N/A,#N/A,00:10:09,608.767,1
pert-josh,M2@bmm,4565,433,8170,2,814,NULL,2520043,2520043,2520043,NULL,LIMIT,SELL,1,560,2019-03-06T06:05:20.759,2019-03-06T06:05:20.762,,06:05:20.759,06:05:20.759,0,700,#N/A,#N/A,00:10:09,608.923,-1
pert-josh,M7@bmm,4570,433,8170,2,814,NULL,2520044,2520044,2520044,2520040,LIMIT,BUY,1,560,2019-03-06T06:05:29.616,2019-03-06T06:05:29.623,,06:05:29.616,06:05:29.616,1,700,560,-140,00:10:18,617.78,1
pert-josh,M1@bmm,4564,433,8171,3,814,NULL,2520045,2520045,2520045,2520053,LIMIT,SELL,1,500,2019-03-06T06:06:11.057,2019-03-06T06:06:16.200,,06:06:11.057,06:06:11.057,0,650,#N/A,#N/A,00:10:59,659.221,-1
pert-josh,M8@bmm,4571,433,8171,3,814,NULL,2520046,2520046,2520046,2520051,LIMIT,BUY,1,490,2019-03-06T06:06:11.168,2019-03-06T06:06:15.035,,06:06:11.168,06:06:11.168,0,650,#N/A,#N/A,00:10:59,659.332,1
pert-josh,M7@bmm,4570,433,8171,3,814,NULL,2520047,2520047,2520047,NULL,LIMIT,SELL,2,625,2019-03-06T06:06:11.726,2019-03-06T06:06:11.729,,06:06:11.726,06:06:11.726,0,650,#N/A,#N/A,00:11:00,659.89,-1
pert-josh,M8@bmm,4571,433,8171,3,814,NULL,2520048,2520048,2520048,NULL,LIMIT,BUY,1,480,2019-03-06T06:06:13.999,2019-03-06T06:06:14.002,,06:06:13.999,06:06:13.999,0,650,#N/A,#N/A,00:11:02,662.163,1
pert-josh,M1@bmm,4564,433,8171,3,814,NULL,2520051,2520050,2520050,2520046,LIMIT,SELL,1,490,2019-03-06T06:06:15.031,2019-03-06T06:06:15.035,,06:06:15.031,06:06:15.031,1,650,490,-160,00:11:03,663.195,-1
pert-josh,M6@bmm,4569,433,8171,3,814,NULL,2520053,2520052,2520052,2520045,LIMIT,BUY,1,500,2019-03-06T06:06:16.196,2019-03-06T06:06:16.200,,06:06:16.196,06:06:16.196,1,650,500,-150,00:11:04,664.36,1
pert-josh,M2@bmm,4565,433,8171,3,814,NULL,2520054,2520054,2520054,2520057,LIMIT,SELL,1,570,2019-03-06T06:06:16.782,2019-03-06T06:06:17.646,,06:06:16.782,06:06:16.782,0,650,#N/A,#N/A,00:11:05,664.946,-1
pert-josh,M3@bmm,4566,433,8171,3,814,NULL,2520055,2520055,2520055,NULL,LIMIT,BUY,1,500,2019-03-06T06:06:17.390,2019-03-06T06:06:17.396,,06:06:17.390,06:06:17.390,0,650,#N/A,#N/A,00:11:06,665.554,1
pert-josh,M6@bmm,4569,433,8171,3,814,NULL,2520057,2520056,2520056,2520054,LIMIT,BUY,1,570,2019-03-06T06:06:17.641,2019-03-06T06:06:17.646,,06:06:17.641,06:06:17.641,1,650,570,-80,00:11:06,665.805,1
pert-josh,M8@bmm,4571,433,8171,3,814,NULL,2520060,2520060,2520060,NULL,LIMIT,BUY,1,500,2019-03-06T06:06:21.551,2019-03-06T06:06:21.555,,06:06:21.551,06:06:21.551,0,650,#N/A,#N/A,00:11:10,669.715,1
pert-josh,M8@bmm,4571,433,8171,3,814,NULL,2520061,2520061,2520061,NULL,LIMIT,BUY,1,505,2019-03-06T06:06:23.105,2019-03-06T06:06:23.109,,06:06:23.105,06:06:23.105,0,650,#N/A,#N/A,00:11:11,671.269,1
pert-josh,M8@bmm,4571,433,8171,3,814,NULL,2520063,2520063,2520063,NULL,LIMIT,BUY,1,510,2019-03-06T06:06:26.535,2019-03-06T06:06:26.538,,06:06:26.535,06:06:26.535,0,650,#N/A,#N/A,00:11:15,674.699,1
pert-josh,M8@bmm,4571,433,8171,3,814,NULL,2520069,2520069,2520069,NULL,LIMIT,BUY,1,515,2019-03-06T06:06:30.230,2019-03-06T06:06:30.233,,06:06:30.230,06:06:30.230,0,650,#N/A,#N/A,00:11:18,678.394,1
pert-josh,M1@bmm,4564,433,8171,3,814,NULL,2520077,2520076,2520076,2520078,LIMIT,SELL,1,555,2019-03-06T06:06:34.771,2019-03-06T06:06:34.781,,06:06:34.771,06:06:34.771,0,650,#N/A,#N/A,00:11:23,682.935,-1
pert-josh,M7@bmm,4570,433,8171,3,814,NULL,2520078,2520075,2520075,2520077,LIMIT,BUY,1,555,2019-03-06T06:06:34.774,2019-03-06T06:06:34.781,,06:06:34.774,06:06:34.774,1,650,555,-95,00:11:23,682.938,1
pert-josh,M3@bmm,4566,433,8171,3,814,NULL,2520084,2520084,2520084,NULL,LIMIT,SELL,1,590,2019-03-06T06:06:37.330,2019-03-06T06:06:37.333,,06:06:37.330,06:06:37.330,0,650,#N/A,#N/A,00:11:25,685.494,-1
pert-josh,M1@bmm,4564,433,8171,3,814,NULL,2520092,2520092,2520092,2520101,LIMIT,SELL,1,565,2019-03-06T06:06:41.524,2019-03-06T06:06:55.591,,06:06:41.524,06:06:41.524,0,650,#N/A,#N/A,00:11:30,689.688,-1
pert-josh,M1@bmm,4564,433,8171,3,814,NULL,2520094,2520094,2520094,2520102,LIMIT,SELL,1,565,2019-03-06T06:06:47.467,2019-03-06T06:06:56.227,,06:06:47.467,06:06:47.467,0,650,#N/A,#N/A,00:11:36,695.631,-1
pert-josh,M1@bmm,4564,433,8171,3,814,NULL,2520095,2520095,2520095,2520103,LIMIT,SELL,1,565,2019-03-06T06:06:47.700,2019-03-06T06:06:56.876,,06:06:47.700,06:06:47.700,0,650,#N/A,#N/A,00:11:36,695.864,-1
pert-josh,M1@bmm,4564,433,8171,3,814,NULL,2520096,2520096,2520096,NULL,LIMIT,SELL,1,565,2019-03-06T06:06:47.934,2019-03-06T06:06:47.937,,06:06:47.934,06:06:47.934,0,650,#N/A,#N/A,00:11:36,696.098,-1
pert-josh,M8@bmm,4571,433,8171,3,814,NULL,2520097,2520097,2520097,NULL,LIMIT,BUY,1,550,2019-03-06T06:06:50.151,2019-03-06T06:06:50.155,,06:06:50.151,06:06:50.151,0,650,#N/A,#N/A,00:11:38,698.315,1
pert-josh,M8@bmm,4571,433,8171,3,814,NULL,2520098,2520098,2520098,NULL,LIMIT,BUY,1,550,2019-03-06T06:06:50.605,2019-03-06T06:06:50.608,,06:06:50.605,06:06:50.605,0,650,#N/A,#N/A,00:11:39,698.769,1
pert-josh,M6@bmm,4569,433,8171,3,814,NULL,2520099,2520099,2520099,2520100,LIMIT,SELL,1,560,2019-03-06T06:06:51.448,2019-03-06T06:06:53.787,,06:06:51.448,06:06:51.448,0,650,#N/A,#N/A,00:11:40,699.612,-1
pert-josh,M5@bmm,4568,433,8171,3,814,NULL,2520100,2520100,2520100,2520099,LIMIT,BUY,1,560,2019-03-06T06:06:53.780,2019-03-06T06:06:53.787,,06:06:53.780,06:06:53.780,1,650,560,-90,00:11:42,701.944,1
pert-josh,M5@bmm,4568,433,8171,3,814,NULL,2520101,2520101,2520101,2520092,LIMIT,BUY,1,565,2019-03-06T06:06:55.582,2019-03-06T06:06:55.591,,06:06:55.582,06:06:55.582,1,650,565,-85,00:11:44,703.746,1
pert-josh,M5@bmm,4568,433,8171,3,814,NULL,2520102,2520102,2520102,2520094,LIMIT,BUY,1,565,2019-03-06T06:06:56.221,2019-03-06T06:06:56.227,,06:06:56.221,06:06:56.221,1,650,565,-85,00:11:44,704.385,1
pert-josh,M5@bmm,4568,433,8171,3,814,NULL,2520103,2520103,2520103,2520095,LIMIT,BUY,1,565,2019-03-06T06:06:56.869,2019-03-06T06:06:56.876,,06:06:56.869,06:06:56.869,1,650,565,-85,00:11:45,705.033,1
pert-josh,M8@bmm,4571,433,8171,3,814,NULL,2520104,2520104,2520104,2520106,LIMIT,SELL,1,560,2019-03-06T06:06:58.310,2019-03-06T06:06:58.385,,06:06:58.310,06:06:58.310,0,650,#N/A,#N/A,00:11:46,706.474,-1
pert-josh,M5@bmm,4568,433,8171,3,814,NULL,2520106,2520105,2520105,2520104,LIMIT,BUY,1,560,2019-03-06T06:06:58.380,2019-03-06T06:06:58.385,,06:06:58.380,06:06:58.380,1,650,560,-90,00:11:47,706.544,1
pert-josh,M3@bmm,4566,433,8171,3,814,NULL,2520110,2520110,2520110,2520112,LIMIT,SELL,1,560,2019-03-06T06:07:00.593,2019-03-06T06:07:01.416,,06:07:00.593,06:07:00.593,0,650,#N/A,#N/A,00:11:49,708.757,-1
pert-josh,M8@bmm,4571,433,8171,3,814,NULL,2520111,2520111,2520111,2520113,LIMIT,SELL,1,560,2019-03-06T06:07:00.655,2019-03-06T06:07:02.492,,06:07:00.655,06:07:00.655,0,650,#N/A,#N/A,00:11:49,708.819,-1
pert-josh,M2@bmm,4565,433,8171,3,814,NULL,2520112,2520112,2520112,2520110,LIMIT,BUY,1,560,2019-03-06T06:07:01.407,2019-03-06T06:07:01.416,,06:07:01.407,06:07:01.407,1,650,560,-90,00:11:50,709.571,1
pert-josh,M2@bmm,4565,433,8171,3,814,NULL,2520113,2520113,2520113,2520111,LIMIT,BUY,1,560,2019-03-06T06:07:02.484,2019-03-06T06:07:02.492,,06:07:02.484,06:07:02.484,1,650,560,-90,00:11:51,710.648,1
pert-josh,M8@bmm,4571,433,8171,3,814,NULL,2520114,2520114,2520114,2520117,LIMIT,SELL,1,560,2019-03-06T06:07:02.790,2019-03-06T06:07:04.520,,06:07:02.790,06:07:02.790,0,650,#N/A,#N/A,00:11:51,710.954,-1
pert-josh,M2@bmm,4565,433,8171,3,814,NULL,2520117,2520117,2520117,2520114,LIMIT,BUY,1,560,2019-03-06T06:07:04.513,2019-03-06T06:07:04.520,,06:07:04.513,06:07:04.513,1,650,560,-90,00:11:53,712.677,1
pert-josh,M5@bmm,4568,433,8171,3,814,NULL,2520119,2520119,2520119,2520126,LIMIT,SELL,1,560,2019-03-06T06:07:07.270,2019-03-06T06:07:11.828,,06:07:07.270,06:07:07.270,0,650,#N/A,#N/A,00:11:55,715.434,-1
pert-josh,M5@bmm,4568,433,8171,3,814,NULL,2520120,2520120,2520120,2520127,LIMIT,SELL,1,560,2019-03-06T06:07:07.885,2019-03-06T06:07:12.104,,06:07:07.885,06:07:07.885,0,650,#N/A,#N/A,00:11:56,716.049,-1
pert-josh,M2@bmm,4565,433,8171,3,814,NULL,2520121,2520121,2520121,2520122,LIMIT,BUY,1,560,2019-03-06T06:07:09.583,2019-03-06T06:07:09.597,,06:07:09.583,06:07:09.583,0,650,#N/A,#N/A,00:11:58,717.747,1
pert-josh,M4@bmm,4567,433,8171,3,814,NULL,2520122,2520116,2520116,2520121,LIMIT,SELL,1,560,2019-03-06T06:07:09.590,2019-03-06T06:07:09.598,,06:07:09.590,06:07:09.590,1,650,560,-90,00:11:58,717.754,-1
pert-josh,M4@bmm,4567,433,8171,3,814,NULL,2520123,2520116,2520116,2520124,LIMIT,SELL,1,560,2019-03-06T06:07:04.256,2019-03-06T06:07:10.582,,06:07:04.256,06:07:04.256,0,650,#N/A,#N/A,00:11:52,712.42,-1
pert-josh,M6@bmm,4569,433,8171,3,814,NULL,2520124,2520124,2520124,2520123,LIMIT,BUY,1,560,2019-03-06T06:07:10.574,2019-03-06T06:07:10.581,,06:07:10.574,06:07:10.574,1,650,560,-90,00:11:59,718.738,1
pert-josh,M8@bmm,4571,433,8171,3,814,NULL,2520125,2520125,2520125,NULL,LIMIT,SELL,1,570,2019-03-06T06:07:10.790,2019-03-06T06:07:10.794,,06:07:10.790,06:07:10.790,0,650,#N/A,#N/A,00:11:59,718.954,-1
pert-josh,M2@bmm,4565,433,8171,3,814,NULL,2520126,2520126,2520126,2520119,LIMIT,BUY,1,560,2019-03-06T06:07:11.821,2019-03-06T06:07:11.828,,06:07:11.821,06:07:11.821,1,650,560,-90,00:12:00,719.985,1
pert-josh,M6@bmm,4569,433,8171,3,814,NULL,2520127,2520127,2520127,2520120,LIMIT,BUY,1,560,2019-03-06T06:07:12.095,2019-03-06T06:07:12.104,,06:07:12.095,06:07:12.095,1,650,560,-90,00:12:00,720.259,1
pert-josh,M5@bmm,4568,433,8171,3,814,NULL,2520128,2520128,2520128,NULL,LIMIT,BUY,1,555,2019-03-06T06:07:13.959,2019-03-06T06:07:13.962,,06:07:13.959,06:07:13.959,0,650,#N/A,#N/A,00:12:02,722.123,1
pert-josh,M5@bmm,4568,433,8171,3,814,NULL,2520129,2520129,2520129,NULL,LIMIT,BUY,1,555,2019-03-06T06:07:14.565,2019-03-06T06:07:14.568,,06:07:14.565,06:07:14.565,0,650,#N/A,#N/A,00:12:03,722.729,1
pert-josh,M5@bmm,4568,433,8171,3,814,NULL,2520130,2520130,2520130,2520138,LIMIT,SELL,1,560,2019-03-06T06:07:19.010,2019-03-06T06:07:36.393,,06:07:19.010,06:07:19.010,0,650,#N/A,#N/A,00:12:07,727.174,-1
pert-josh,M5@bmm,4568,433,8171,3,814,NULL,2520131,2520131,2520131,2520139,LIMIT,SELL,1,560,2019-03-06T06:07:19.254,2019-03-06T06:07:36.393,,06:07:19.254,06:07:19.254,0,650,#N/A,#N/A,00:12:07,727.418,-1
pert-josh,M5@bmm,4568,433,8171,3,814,NULL,2520132,2520132,2520132,2520145,LIMIT,SELL,1,560,2019-03-06T06:07:19.970,2019-03-06T06:07:50.446,,06:07:19.970,06:07:19.970,0,650,#N/A,#N/A,00:12:08,728.134,-1
pert-josh,M4@bmm,4567,433,8171,3,814,NULL,2520138,2520137,2520137,2520130,LIMIT,BUY,1,560,2019-03-06T06:07:36.385,2019-03-06T06:07:36.393,,06:07:36.385,06:07:36.385,1,650,560,-90,00:12:25,744.549,1
pert-josh,M4@bmm,4567,433,8171,3,814,NULL,2520139,2520137,2520137,2520131,LIMIT,BUY,1,560,2019-03-06T06:07:36.389,2019-03-06T06:07:36.393,,06:07:36.389,06:07:36.389,1,650,560,-90,00:12:25,744.553,1
pert-josh,M6@bmm,4569,433,8171,3,814,NULL,2520140,2520140,2520140,2520146,LIMIT,SELL,1,560,2019-03-06T06:07:39.689,2019-03-06T06:07:50.461,,06:07:39.689,06:07:39.689,0,650,#N/A,#N/A,00:12:28,747.853,-1
pert-josh,M3@bmm,4566,433,8171,3,814,NULL,2520141,2520141,2520141,2520142,LIMIT,SELL,1,555,2019-03-06T06:07:42.036,2019-03-06T06:07:42.051,,06:07:42.036,06:07:42.036,0,650,#N/A,#N/A,00:12:30,750.2,-1
pert-josh,M7@bmm,4570,433,8171,3,814,NULL,2520142,2520075,2520079,2520141,LIMIT,BUY,1,555,2019-03-06T06:07:42.044,2019-03-06T06:07:42.051,,06:07:42.044,06:07:42.044,1,650,555,-95,00:12:30,750.208,1
pert-josh,M2@bmm,4565,433,8171,3,814,NULL,2520145,2520144,2520144,2520132,LIMIT,BUY,1,560,2019-03-06T06:07:50.442,2019-03-06T06:07:50.446,,06:07:50.442,06:07:50.442,1,650,560,-90,00:12:39,758.606,1
pert-josh,M8@bmm,4571,433,8171,3,814,NULL,2520146,2520146,2520146,2520140,LIMIT,BUY,1,560,2019-03-06T06:07:50.453,2019-03-06T06:07:50.461,,06:07:50.453,06:07:50.453,1,650,560,-90,00:12:39,758.617,1
pert-josh,M5@bmm,4568,433,8171,3,814,NULL,2520147,2520147,2520147,2520152,LIMIT,SELL,1,560,2019-03-06T06:07:54.258,2019-03-06T06:07:59.614,,06:07:54.258,06:07:54.258,0,650,#N/A,#N/A,00:12:42,762.422,-1
pert-josh,M5@bmm,4568,433,8171,3,814,NULL,2520148,2520148,2520148,2520153,LIMIT,SELL,1,560,2019-03-06T06:07:55.537,2019-03-06T06:07:59.615,,06:07:55.537,06:07:55.537,0,650,#N/A,#N/A,00:12:44,763.701,-1
pert-josh,M5@bmm,4568,433,8171,3,814,NULL,2520149,2520149,2520149,2520171,LIMIT,SELL,1,560,2019-03-06T06:07:56.264,2019-03-06T06:08:15.253,,06:07:56.264,06:07:56.264,0,650,#N/A,#N/A,00:12:44,764.428,-1
pert-josh,M3@bmm,4566,433,8171,3,814,NULL,2520150,2520150,2520150,2520172,LIMIT,SELL,1,560,2019-03-06T06:07:58.804,2019-03-06T06:08:15.253,,06:07:58.804,06:07:58.804,0,650,#N/A,#N/A,00:12:47,766.968,-1
pert-josh,M4@bmm,4567,433,8171,3,814,NULL,2520152,2520151,2520151,2520147,LIMIT,BUY,1,560,2019-03-06T06:07:59.606,2019-03-06T06:07:59.615,,06:07:59.606,06:07:59.606,1,650,560,-90,00:12:48,767.77,1
pert-josh,M4@bmm,4567,433,8171,3,814,NULL,2520153,2520151,2520151,2520148,LIMIT,BUY,1,560,2019-03-06T06:07:59.610,2019-03-06T06:07:59.615,,06:07:59.610,06:07:59.610,1,650,560,-90,00:12:48,767.774,1
pert-josh,M8@bmm,4571,433,8171,3,814,NULL,2520154,2520154,2520154,NULL,LIMIT,SELL,1,565,2019-03-06T06:08:00.367,2019-03-06T06:08:00.370,,06:08:00.367,06:08:00.367,0,650,#N/A,#N/A,00:12:49,768.531,-1
pert-josh,M2@bmm,4565,433,8171,3,814,NULL,2520155,2520155,2520155,NULL,LIMIT,SELL,1,575,2019-03-06T06:08:01.022,2019-03-06T06:08:01.026,,06:08:01.022,06:08:01.022,0,650,#N/A,#N/A,00:12:49,769.186,-1
pert-josh,M4@bmm,4567,433,8171,3,814,NULL,2520158,2520158,2520158,2520173,LIMIT,SELL,2,560,2019-03-06T06:08:03.776,2019-03-06T06:08:15.254,,06:08:03.776,06:08:03.776,0,650,#N/A,#N/A,00:12:52,771.94,-1
pert-josh,M7@bmm,4570,433,8171,3,814,NULL,2520159,2520159,2520159,NULL,LIMIT,BUY,2,555,2019-03-06T06:08:05.278,2019-03-06T06:08:05.281,,06:08:05.278,06:08:05.278,0,650,#N/A,#N/A,00:12:53,773.442,1
pert-josh,M1@bmm,4564,433,8171,3,814,NULL,2520160,2520160,2520160,NULL,LIMIT,SELL,3,565,2019-03-06T06:08:06.564,2019-03-06T06:08:06.567,,06:08:06.564,06:08:06.564,0,650,#N/A,#N/A,00:12:55,774.728,-1
pert-josh,M5@bmm,4568,433,8171,3,814,NULL,2520161,2520161,2520161,2520174,LIMIT,SELL,1,560,2019-03-06T06:08:06.666,2019-03-06T06:08:15.254,,06:08:06.666,06:08:06.666,0,650,#N/A,#N/A,00:12:55,774.83,-1
pert-josh,M3@bmm,4566,433,8171,3,814,NULL,2520167,2520167,2520167,2520168,LIMIT,SELL,1,555,2019-03-06T06:08:14.371,2019-03-06T06:08:14.384,,06:08:14.371,06:08:14.371,0,650,#N/A,#N/A,00:13:03,782.535,-1
pert-josh,M7@bmm,4570,433,8171,3,814,NULL,2520168,2520075,2520143,2520167,LIMIT,BUY,1,555,2019-03-06T06:08:14.377,2019-03-06T06:08:14.384,,06:08:14.377,06:08:14.377,1,650,555,-95,00:13:03,782.541,1
pert-josh,M7@bmm,4570,433,8171,3,814,NULL,2520169,2520075,2520143,NULL,LIMIT,BUY,1,555,2019-03-06T06:06:33.006,2019-03-06T06:08:14.384,,06:06:33.006,06:06:33.006,0,650,#N/A,#N/A,00:11:21,681.17,1
pert-josh,M1@bmm,4564,433,8171,3,814,NULL,2520171,2520170,2520170,2520149,LIMIT,BUY,1,560,2019-03-06T06:08:15.234,2019-03-06T06:08:15.253,,06:08:15.234,06:08:15.234,1,650,560,-90,00:13:03,783.398,1
pert-josh,M1@bmm,4564,433,8171,3,814,NULL,2520172,2520170,2520170,2520150,LIMIT,BUY,1,560,2019-03-06T06:08:15.239,2019-03-06T06:08:15.253,,06:08:15.239,06:08:15.239,1,650,560,-90,00:13:03,783.403,1
pert-josh,M1@bmm,4564,433,8171,3,814,NULL,2520173,2520170,2520170,2520158,LIMIT,BUY,2,560,2019-03-06T06:08:15.245,2019-03-06T06:08:15.254,,06:08:15.245,06:08:15.245,1,650,560,-90,00:13:03,783.409,1
pert-josh,M1@bmm,4564,433,8171,3,814,NULL,2520174,2520170,2520170,2520161,LIMIT,BUY,1,560,2019-03-06T06:08:15.249,2019-03-06T06:08:15.254,,06:08:15.249,06:08:15.249,1,650,560,-90,00:13:03,783.413,1
pert-josh,M8@bmm,4571,433,8171,3,814,NULL,2520175,2520175,2520175,NULL,LIMIT,SELL,1,565,2019-03-06T06:08:18.550,2019-03-06T06:08:18.554,,06:08:18.550,06:08:18.550,0,650,#N/A,#N/A,00:13:07,786.714,-1
pert-josh,M8@bmm,4571,433,8171,3,814,NULL,2520176,2520176,2520176,2520180,LIMIT,SELL,1,560,2019-03-06T06:08:21.594,2019-03-06T06:08:24.072,,06:08:21.594,06:08:21.594,0,650,#N/A,#N/A,00:13:10,789.758,-1
pert-josh,M1@bmm,4564,433,8171,3,814,NULL,2520177,2520177,2520177,NULL,LIMIT,BUY,5,555,2019-03-06T06:08:21.829,2019-03-06T06:08:21.833,,06:08:21.829,06:08:21.829,0,650,#N/A,#N/A,00:13:10,789.993,1
pert-josh,M6@bmm,4569,433,8171,3,814,NULL,2520178,2520178,2520178,2520181,LIMIT,SELL,1,560,2019-03-06T06:08:23.095,2019-03-06T06:08:24.244,,06:08:23.095,06:08:23.095,0,650,#N/A,#N/A,00:13:11,791.259,-1
pert-josh,M8@bmm,4571,433,8171,3,814,NULL,2520179,2520179,2520179,2520183,LIMIT,SELL,1,560,2019-03-06T06:08:23.839,2019-03-06T06:08:25.171,,06:08:23.839,06:08:23.839,0,650,#N/A,#N/A,00:13:12,792.003,-1
pert-josh,M5@bmm,4568,433,8171,3,814,NULL,2520180,2520180,2520180,2520176,LIMIT,BUY,1,560,2019-03-06T06:08:24.065,2019-03-06T06:08:24.072,,06:08:24.065,06:08:24.065,1,650,560,-90,00:13:12,792.229,1
pert-josh,M3@bmm,4566,433,8171,3,814,NULL,2520181,2520181,2520181,2520178,LIMIT,BUY,1,560,2019-03-06T06:08:24.236,2019-03-06T06:08:24.244,,06:08:24.236,06:08:24.236,1,650,560,-90,00:13:12,792.4,1
pert-josh,M6@bmm,4569,433,8171,3,814,NULL,2520182,2520182,2520182,2520184,LIMIT,SELL,1,560,2019-03-06T06:08:24.566,2019-03-06T06:08:25.371,,06:08:24.566,06:08:24.566,0,650,#N/A,#N/A,00:13:13,792.73,-1
pert-josh,M3@bmm,4566,433,8171,3,814,NULL,2520183,2520183,2520183,2520179,LIMIT,BUY,1,560,2019-03-06T06:08:25.164,2019-03-06T06:08:25.171,,06:08:25.164,06:08:25.164,1,650,560,-90,00:13:13,793.328,1
pert-josh,M5@bmm,4568,433,8171,3,814,NULL,2520184,2520184,2520184,2520182,LIMIT,BUY,1,560,2019-03-06T06:08:25.362,2019-03-06T06:08:25.371,,06:08:25.362,06:08:25.362,1,650,560,-90,00:13:14,793.526,1
pert-josh,M5@bmm,4568,433,8171,3,814,NULL,2520185,2520185,2520185,2520186,LIMIT,BUY,1,560,2019-03-06T06:08:25.818,2019-03-06T06:08:26.573,,06:08:25.818,06:08:25.818,0,650,#N/A,#N/A,00:13:14,793.982,1
pert-josh,M6@bmm,4569,433,8171,3,814,NULL,2520186,2520186,2520186,2520185,LIMIT,SELL,1,560,2019-03-06T06:08:26.566,2019-03-06T06:08:26.573,,06:08:26.566,06:08:26.566,1,650,560,-90,00:13:15,794.73,-1
pert-josh,M5@bmm,4568,433,8171,3,814,NULL,2520187,2520187,2520187,2520195,LIMIT,SELL,1,560,2019-03-06T06:08:30.018,2019-03-06T06:08:36.557,,06:08:30.018,06:08:30.018,0,650,#N/A,#N/A,00:13:18,798.182,-1
pert-josh,M8@bmm,4571,433,8171,3,814,NULL,2520188,2520188,2520188,NULL,LIMIT,BUY,1,555,2019-03-06T06:08:32.072,2019-03-06T06:08:32.075,,06:08:32.072,06:08:32.072,0,650,#N/A,#N/A,00:13:20,800.236,1
pert-josh,M6@bmm,4569,433,8171,3,814,NULL,2520190,2520190,2520190,2520196,LIMIT,SELL,1,560,2019-03-06T06:08:32.448,2019-03-06T06:08:39.243,,06:08:32.448,06:08:32.448,0,650,#N/A,#N/A,00:13:21,800.612,-1
pert-josh,M7@bmm,4570,433,8171,3,814,NULL,2520194,2520194,2520194,NULL,LIMIT,BUY,2,555,2019-03-06T06:08:36.254,2019-03-06T06:08:36.257,,06:08:36.254,06:08:36.254,0,650,#N/A,#N/A,00:13:24,804.418,1
pert-josh,M2@bmm,4565,433,8171,3,814,NULL,2520195,2520195,2520195,2520187,LIMIT,BUY,1,560,2019-03-06T06:08:36.550,2019-03-06T06:08:36.557,,06:08:36.550,06:08:36.550,1,650,560,-90,00:13:25,804.714,1
pert-josh,M2@bmm,4565,433,8171,3,814,NULL,2520196,2520196,2520196,2520190,LIMIT,BUY,1,560,2019-03-06T06:08:39.236,2019-03-06T06:08:39.243,,06:08:39.236,06:08:39.236,1,650,560,-90,00:13:27,807.4,1
pert-josh,M8@bmm,4571,433,8171,3,814,NULL,2520198,2520198,2520198,NULL,LIMIT,BUY,1,555,2019-03-06T06:08:39.607,2019-03-06T06:08:39.610,,06:08:39.607,06:08:39.607,0,650,#N/A,#N/A,00:13:28,807.771,1
pert-josh,M5@bmm,4568,433,8171,3,814,NULL,2520199,2520199,2520199,2520209,LIMIT,BUY,1,560,2019-03-06T06:08:39.738,2019-03-06T06:08:56.218,,06:08:39.738,06:08:39.738,0,650,#N/A,#N/A,00:13:28,807.902,1
pert-josh,M5@bmm,4568,433,8171,3,814,NULL,2520200,2520200,2520200,2520212,LIMIT,BUY,1,560,2019-03-06T06:08:42.786,2019-03-06T06:08:57.479,,06:08:42.786,06:08:42.786,0,650,#N/A,#N/A,00:13:31,810.95,1
pert-josh,M2@bmm,4565,433,8171,3,814,NULL,2520201,2520201,2520201,NULL,LIMIT,SELL,1,570,2019-03-06T06:08:45.966,2019-03-06T06:08:45.969,,06:08:45.966,06:08:45.966,0,650,#N/A,#N/A,00:13:34,814.13,-1
pert-josh,M3@bmm,4566,433,8171,3,814,NULL,2520203,2520203,2520203,2520204,LIMIT,SELL,1,560,2019-03-06T06:08:48.274,2019-03-06T06:08:48.288,,06:08:48.274,06:08:48.274,0,650,#N/A,#N/A,00:13:36,816.438,-1
pert-josh,M7@bmm,4570,433,8171,3,814,NULL,2520204,2520197,2520197,2520203,LIMIT,BUY,1,560,2019-03-06T06:08:48.281,2019-03-06T06:08:48.288,,06:08:48.281,06:08:48.281,1,650,560,-90,00:13:36,816.445,1
pert-josh,M7@bmm,4570,433,8171,3,814,NULL,2520205,2520197,2520197,2520208,LIMIT,BUY,1,560,2019-03-06T06:08:39.430,2019-03-06T06:08:52.998,,06:08:39.430,06:08:39.430,0,650,#N/A,#N/A,00:13:28,807.594,1
pert-josh,M2@bmm,4565,433,8171,3,814,NULL,2520206,2520206,2520206,NULL,LIMIT,SELL,1,565,2019-03-06T06:08:50.569,2019-03-06T06:08:50.572,,06:08:50.569,06:08:50.569,0,650,#N/A,#N/A,00:13:39,818.733,-1
pert-josh,M2@bmm,4565,433,8171,3,814,NULL,2520207,2520207,2520207,NULL,LIMIT,SELL,1,565,2019-03-06T06:08:51.815,2019-03-06T06:08:51.819,,06:08:51.815,06:08:51.815,0,650,#N/A,#N/A,00:13:40,819.979,-1
pert-josh,M6@bmm,4569,433,8171,3,814,NULL,2520208,2520208,2520208,2520205,LIMIT,SELL,1,560,2019-03-06T06:08:52.991,2019-03-06T06:08:52.998,,06:08:52.991,06:08:52.991,1,650,560,-90,00:13:41,821.155,-1
pert-josh,M3@bmm,4566,433,8171,3,814,NULL,2520209,2520209,2520209,2520199,LIMIT,SELL,1,560,2019-03-06T06:08:56.212,2019-03-06T06:08:56.218,,06:08:56.212,06:08:56.212,1,650,560,-90,00:13:44,824.376,-1
pert-josh,M6@bmm,4569,433,8171,3,814,NULL,2520212,2520212,2520212,2520200,LIMIT,SELL,1,560,2019-03-06T06:08:57.472,2019-03-06T06:08:57.479,,06:08:57.472,06:08:57.472,1,650,560,-90,00:13:46,825.636,-1
pert-josh,M4@bmm,4567,433,8171,3,814,NULL,2520213,2520213,2520213,2520215,LIMIT,SELL,1,560,2019-03-06T06:08:58.488,2019-03-06T06:09:05.507,,06:08:58.488,06:08:58.488,0,650,#N/A,#N/A,00:13:47,826.652,-1
pert-josh,M6@bmm,4569,433,8171,3,814,NULL,2520214,2520214,2520214,2520216,LIMIT,SELL,1,560,2019-03-06T06:09:05.015,2019-03-06T06:09:06.779,,06:09:05.015,06:09:05.015,0,650,#N/A,#N/A,00:13:53,833.179,-1
pert-josh,M5@bmm,4568,433,8171,3,814,NULL,2520215,2520215,2520215,2520213,LIMIT,BUY,1,560,2019-03-06T06:09:05.498,2019-03-06T06:09:05.506,,06:09:05.498,06:09:05.498,1,650,560,-90,00:13:54,833.662,1
pert-josh,M5@bmm,4568,433,8171,3,814,NULL,2520216,2520216,2520216,2520214,LIMIT,BUY,1,560,2019-03-06T06:09:06.772,2019-03-06T06:09:06.779,,06:09:06.772,06:09:06.772,1,650,560,-90,00:13:55,834.936,1
pert-josh,M6@bmm,4569,433,8171,3,814,NULL,2520217,2520217,2520217,2520219,LIMIT,SELL,1,560,2019-03-06T06:09:11.656,2019-03-06T06:09:13.961,,06:09:11.656,06:09:11.656,0,650,#N/A,#N/A,00:14:00,839.82,-1
pert-josh,M6@bmm,4569,433,8171,3,814,NULL,2520218,2520218,2520218,2520221,LIMIT,SELL,1,560,2019-03-06T06:09:11.894,2019-03-06T06:09:15.528,,06:09:11.894,06:09:11.894,0,650,#N/A,#N/A,00:14:00,840.058,-1
pert-josh,M8@bmm,4571,433,8171,3,814,NULL,2520219,2520219,2520219,2520217,LIMIT,BUY,1,560,2019-03-06T06:09:13.954,2019-03-06T06:09:13.960,,06:09:13.954,06:09:13.954,1,650,560,-90,00:14:02,842.118,1
pert-josh,M5@bmm,4568,433,8171,3,814,NULL,2520220,2520220,2520220,2520226,LIMIT,SELL,1,560,2019-03-06T06:09:15.243,2019-03-06T06:09:24.203,,06:09:15.243,06:09:15.243,0,650,#N/A,#N/A,00:14:03,843.407,-1
pert-josh,M4@bmm,4567,433,8171,3,814,NULL,2520221,2520221,2520221,2520218,LIMIT,BUY,1,560,2019-03-06T06:09:15.521,2019-03-06T06:09:15.528,,06:09:15.521,06:09:15.521,1,650,560,-90,00:14:04,843.685,1
pert-josh,M5@bmm,4568,433,8171,3,814,NULL,2520224,2520224,2520224,2520227,LIMIT,SELL,1,560,2019-03-06T06:09:20.532,2019-03-06T06:09:24.203,,06:09:20.532,06:09:20.532,0,650,#N/A,#N/A,00:14:09,848.696,-1
pert-josh,M1@bmm,4564,433,8171,3,814,NULL,2520226,2520225,2520225,2520220,LIMIT,BUY,1,560,2019-03-06T06:09:24.195,2019-03-06T06:09:24.203,,06:09:24.195,06:09:24.195,1,650,560,-90,00:14:12,852.359,1
pert-josh,M1@bmm,4564,433,8171,3,814,NULL,2520227,2520225,2520225,2520224,LIMIT,BUY,1,560,2019-03-06T06:09:24.199,2019-03-06T06:09:24.203,,06:09:24.199,06:09:24.199,1,650,560,-90,00:14:12,852.363,1
pert-josh,M5@bmm,4568,433,8171,3,814,NULL,2520228,2520228,2520228,2520229,LIMIT,SELL,1,560,2019-03-06T06:09:27.724,2019-03-06T06:09:30.316,,06:09:27.724,06:09:27.724,0,650,#N/A,#N/A,00:14:16,855.888,-1
pert-josh,M3@bmm,4566,433,8171,3,814,NULL,2520229,2520229,2520229,2520228,LIMIT,BUY,1,560,2019-03-06T06:09:30.308,2019-03-06T06:09:30.316,,06:09:30.308,06:09:30.308,1,650,560,-90,00:14:18,858.472,1
pert-josh,M5@bmm,4568,433,8171,3,814,NULL,2520230,2520230,2520230,2520231,LIMIT,SELL,1,560,2019-03-06T06:09:31.683,2019-03-06T06:09:37.726,,06:09:31.683,06:09:31.683,0,650,#N/A,#N/A,00:14:20,859.847,-1
pert-josh,M2@bmm,4565,433,8171,3,814,NULL,2520231,2520231,2520231,2520230,LIMIT,BUY,1,560,2019-03-06T06:09:37.712,2019-03-06T06:09:37.720,,06:09:37.712,06:09:37.712,1,650,560,-90,00:14:26,865.876,1
pert-josh,M6@bmm,4569,433,8171,3,814,NULL,2520233,2520233,2520233,NULL,LIMIT,SELL,1,560,2019-03-06T06:09:42.055,2019-03-06T06:09:42.059,,06:09:42.055,06:09:42.055,0,650,#N/A,#N/A,00:14:30,870.219,-1
pert-josh,M1@bmm,4564,433,8171,3,814,NULL,2520234,2520234,2520234,NULL,LIMIT,SELL,3,565,2019-03-06T06:09:43.248,2019-03-06T06:09:43.251,,06:09:43.248,06:09:43.248,0,650,#N/A,#N/A,00:14:31,871.412,-1
pert-josh,M5@bmm,4568,433,8171,3,814,NULL,2520236,2520236,2520236,NULL,LIMIT,SELL,1,560,2019-03-06T06:10:03.235,2019-03-06T06:10:03.238,,06:10:03.235,06:10:03.235,0,650,#N/A,#N/A,00:14:51,891.399,-1
pert-josh,M8@bmm,4571,433,8172,4,814,NULL,2520237,2520237,2520237,NULL,LIMIT,BUY,1,495,2019-03-06T06:10:44.710,2019-03-06T06:10:44.714,,06:10:44.710,06:10:44.710,0,600,#N/A,#N/A,00:15:33,932.874,1
pert-josh,M8@bmm,4571,433,8172,4,814,NULL,2520238,2520238,2520238,NULL,LIMIT,BUY,1,495,2019-03-06T06:10:44.794,2019-03-06T06:10:44.797,,06:10:44.794,06:10:44.794,0,600,#N/A,#N/A,00:15:33,932.958,1
pert-josh,M8@bmm,4571,433,8172,4,814,NULL,2520239,2520239,2520239,NULL,LIMIT,BUY,1,500,2019-03-06T06:10:46.386,2019-03-06T06:10:46.390,,06:10:46.386,06:10:46.386,0,600,#N/A,#N/A,00:15:35,934.55,1
pert-josh,M8@bmm,4571,433,8172,4,814,NULL,2520240,2520240,2520240,NULL,LIMIT,BUY,1,500,2019-03-06T06:10:46.528,2019-03-06T06:10:46.531,,06:10:46.528,06:10:46.528,0,600,#N/A,#N/A,00:15:35,934.692,1
pert-josh,M8@bmm,4571,433,8172,4,814,NULL,2520241,2520241,2520241,NULL,LIMIT,BUY,1,500,2019-03-06T06:10:46.648,2019-03-06T06:10:46.651,,06:10:46.648,06:10:46.648,0,600,#N/A,#N/A,00:15:35,934.812,1
pert-josh,M8@bmm,4571,433,8172,4,814,NULL,2520244,2520244,2520244,NULL,LIMIT,BUY,1,505,2019-03-06T06:10:48.049,2019-03-06T06:10:48.052,,06:10:48.049,06:10:48.049,0,600,#N/A,#N/A,00:15:36,936.213,1
pert-josh,M2@bmm,4565,433,8172,4,814,NULL,2520245,2520245,2520245,NULL,LIMIT,SELL,1,595,2019-03-06T06:10:48.531,2019-03-06T06:10:48.534,,06:10:48.531,06:10:48.531,0,600,#N/A,#N/A,00:15:37,936.695,-1
pert-josh,M8@bmm,4571,433,8172,4,814,NULL,2520248,2520248,2520248,NULL,LIMIT,BUY,1,540,2019-03-06T06:10:52.809,2019-03-06T06:10:52.812,,06:10:52.809,06:10:52.809,0,600,#N/A,#N/A,00:15:41,940.973,1
pert-josh,M8@bmm,4571,433,8172,4,814,NULL,2520249,2520249,2520249,NULL,LIMIT,BUY,1,540,2019-03-06T06:10:52.976,2019-03-06T06:10:52.980,,06:10:52.976,06:10:52.976,0,600,#N/A,#N/A,00:15:41,941.14,1
pert-josh,M4@bmm,4567,433,8172,4,814,NULL,2520250,2520250,2520250,2520254,LIMIT,SELL,1,580,2019-03-06T06:10:56.104,2019-03-06T06:10:59.906,,06:10:56.104,06:10:56.104,0,600,#N/A,#N/A,00:15:44,944.268,-1
pert-josh,M2@bmm,4565,433,8172,4,814,NULL,2520251,2520251,2520251,2520255,LIMIT,SELL,1,580,2019-03-06T06:10:57.057,2019-03-06T06:11:00.801,,06:10:57.057,06:10:57.057,0,600,#N/A,#N/A,00:15:45,945.221,-1
pert-josh,M7@bmm,4570,433,8172,4,814,NULL,2520252,2520252,2520252,NULL,LIMIT,SELL,2,595,2019-03-06T06:10:57.498,2019-03-06T06:10:57.501,,06:10:57.498,06:10:57.498,0,600,#N/A,#N/A,00:15:46,945.662,-1
pert-josh,M5@bmm,4568,433,8172,4,814,NULL,2520254,2520254,2520254,2520250,LIMIT,BUY,1,580,2019-03-06T06:10:59.900,2019-03-06T06:10:59.906,,06:10:59.900,06:10:59.900,1,600,580,-20,00:15:48,948.064,1
pert-josh,M5@bmm,4568,433,8172,4,814,NULL,2520255,2520255,2520255,2520251,LIMIT,BUY,1,580,2019-03-06T06:11:00.794,2019-03-06T06:11:00.801,,06:11:00.794,06:11:00.794,1,600,580,-20,00:15:49,948.958,1
pert-josh,M8@bmm,4571,433,8172,4,814,NULL,2520256,2520256,2520256,2520259,LIMIT,SELL,1,570,2019-03-06T06:11:01.839,2019-03-06T06:11:03.191,,06:11:01.839,06:11:01.839,0,600,#N/A,#N/A,00:15:50,950.003,-1
pert-josh,M2@bmm,4565,433,8172,4,814,NULL,2520257,2520257,2520257,NULL,LIMIT,SELL,1,575,2019-03-06T06:11:02.156,2019-03-06T06:11:02.159,,06:11:02.156,06:11:02.156,0,600,#N/A,#N/A,00:15:50,950.32,-1
pert-josh,M4@bmm,4567,433,8172,4,814,NULL,2520259,2520259,2520259,2520256,LIMIT,BUY,1,570,2019-03-06T06:11:03.183,2019-03-06T06:11:03.191,,06:11:03.183,06:11:03.183,1,600,570,-30,00:15:51,951.347,1
pert-josh,M1@bmm,4564,433,8172,4,814,NULL,2520260,2520260,2520260,NULL,LIMIT,SELL,4,575,2019-03-06T06:11:04.754,2019-03-06T06:11:04.758,,06:11:04.754,06:11:04.754,0,600,#N/A,#N/A,00:15:53,952.918,-1
pert-josh,M5@bmm,4568,433,8172,4,814,NULL,2520261,2520261,2520261,2520262,LIMIT,BUY,1,570,2019-03-06T06:11:05.699,2019-03-06T06:11:07.715,,06:11:05.699,06:11:05.699,0,600,#N/A,#N/A,00:15:54,953.863,1
pert-josh,M2@bmm,4565,433,8172,4,814,NULL,2520262,2520262,2520262,2520261,LIMIT,SELL,1,570,2019-03-06T06:11:07.707,2019-03-06T06:11:07.715,,06:11:07.707,06:11:07.707,1,600,570,-30,00:15:56,955.871,-1
pert-josh,M2@bmm,4565,433,8172,4,814,NULL,2520265,2520265,2520265,2520341,LIMIT,SELL,1,570,2019-03-06T06:11:12.626,2019-03-06T06:12:28.660,,06:11:12.626,06:11:12.626,0,600,#N/A,#N/A,00:16:01,960.79,-1
pert-josh,M5@bmm,4568,433,8172,4,814,NULL,2520266,2520266,2520266,2520342,LIMIT,SELL,1,570,2019-03-06T06:11:12.633,2019-03-06T06:12:28.660,,06:11:12.633,06:11:12.633,0,600,#N/A,#N/A,00:16:01,960.797,-1
pert-josh,M3@bmm,4566,433,8172,4,814,NULL,2520267,2520267,2520267,2520269,LIMIT,SELL,1,565,2019-03-06T06:11:14.636,2019-03-06T06:11:17.330,,06:11:14.636,06:11:14.636,0,600,#N/A,#N/A,00:16:03,962.8,-1
pert-josh,M5@bmm,4568,433,8172,4,814,NULL,2520269,2520269,2520269,2520267,LIMIT,BUY,1,565,2019-03-06T06:11:17.323,2019-03-06T06:11:17.330,,06:11:17.323,06:11:17.323,1,600,565,-35,00:16:05,965.487,1
pert-josh,M5@bmm,4568,433,8172,4,814,NULL,2520270,2520270,2520270,2520343,LIMIT,SELL,1,570,2019-03-06T06:11:19.777,2019-03-06T06:12:28.661,,06:11:19.777,06:11:19.777,0,600,#N/A,#N/A,00:16:08,967.941,-1
pert-josh,M8@bmm,4571,433,8172,4,814,NULL,2520271,2520271,2520271,2520344,LIMIT,SELL,1,570,2019-03-06T06:11:20.818,2019-03-06T06:12:28.661,,06:11:20.818,06:11:20.818,0,600,#N/A,#N/A,00:16:09,968.982,-1
pert-josh,M8@bmm,4571,433,8172,4,814,NULL,2520272,2520272,2520272,2520352,LIMIT,SELL,1,570,2019-03-06T06:11:22.225,2019-03-06T06:12:38.581,,06:11:22.225,06:11:22.225,0,600,#N/A,#N/A,00:16:10,970.389,-1
pert-josh,M2@bmm,4565,433,8172,4,814,NULL,2520273,2520273,2520273,2520275,LIMIT,SELL,1,565,2019-03-06T06:11:25.223,2019-03-06T06:11:27.985,,06:11:25.223,06:11:25.223,0,600,#N/A,#N/A,00:16:13,973.387,-1
pert-josh,M5@bmm,4568,433,8172,4,814,NULL,2520275,2520275,2520275,2520273,LIMIT,BUY,1,565,2019-03-06T06:11:27.978,2019-03-06T06:11:27.985,,06:11:27.978,06:11:27.978,1,600,565,-35,00:16:16,976.142,1
pert-josh,M5@bmm,4568,433,8172,4,814,NULL,2520276,2520276,2520276,2520277,LIMIT,BUY,1,565,2019-03-06T06:11:28.381,2019-03-06T06:11:28.394,,06:11:28.381,06:11:28.381,0,600,#N/A,#N/A,00:16:17,976.545,1
pert-josh,M7@bmm,4570,433,8172,4,814,NULL,2520277,2520274,2520274,2520276,LIMIT,SELL,1,565,2019-03-06T06:11:28.387,2019-03-06T06:11:28.394,,06:11:28.387,06:11:28.387,1,600,565,-35,00:16:17,976.551,-1
pert-josh,M4@bmm,4567,433,8172,4,814,NULL,2520279,2520279,2520279,2520284,LIMIT,SELL,1,565,2019-03-06T06:11:29.109,2019-03-06T06:11:33.138,,06:11:29.109,06:11:29.109,0,600,#N/A,#N/A,00:16:17,977.273,-1
pert-josh,M5@bmm,4568,433,8172,4,814,NULL,2520280,2520280,2520280,2520281,LIMIT,BUY,1,565,2019-03-06T06:11:29.706,2019-03-06T06:11:29.719,,06:11:29.706,06:11:29.706,0,600,#N/A,#N/A,00:16:18,977.87,1
pert-josh,M7@bmm,4570,433,8172,4,814,NULL,2520281,2520274,2520278,2520280,LIMIT,SELL,1,565,2019-03-06T06:11:29.712,2019-03-06T06:11:29.719,,06:11:29.712,06:11:29.712,1,600,565,-35,00:16:18,977.876,-1
pert-josh,M7@bmm,4570,433,8172,4,814,NULL,2520282,2520274,2520278,2520283,LIMIT,SELL,1,565,2019-03-06T06:11:26.962,2019-03-06T06:11:32.492,,06:11:26.962,06:11:26.962,0,600,#N/A,#N/A,00:16:15,975.126,-1
pert-josh,M5@bmm,4568,433,8172,4,814,NULL,2520283,2520283,2520283,2520282,LIMIT,BUY,1,565,2019-03-06T06:11:32.485,2019-03-06T06:11:32.492,,06:11:32.485,06:11:32.485,1,600,565,-35,00:16:21,980.649,1
pert-josh,M5@bmm,4568,433,8172,4,814,NULL,2520284,2520284,2520284,2520279,LIMIT,BUY,1,565,2019-03-06T06:11:33.131,2019-03-06T06:11:33.138,,06:11:33.131,06:11:33.131,1,600,565,-35,00:16:21,981.295,1
pert-josh,M5@bmm,4568,433,8172,4,814,NULL,2520285,2520285,2520285,2520286,LIMIT,BUY,1,565,2019-03-06T06:11:33.827,2019-03-06T06:11:34.208,,06:11:33.827,06:11:33.827,0,600,#N/A,#N/A,00:16:22,981.991,1
pert-josh,M6@bmm,4569,433,8172,4,814,NULL,2520286,2520286,2520286,2520285,LIMIT,SELL,1,565,2019-03-06T06:11:34.200,2019-03-06T06:11:34.208,,06:11:34.200,06:11:34.200,1,600,565,-35,00:16:22,982.364,-1
pert-josh,M6@bmm,4569,433,8172,4,814,NULL,2520287,2520287,2520287,2520290,LIMIT,SELL,1,565,2019-03-06T06:11:34.446,2019-03-06T06:11:35.170,,06:11:34.446,06:11:34.446,0,600,#N/A,#N/A,00:16:23,982.61,-1
pert-josh,M6@bmm,4569,433,8172,4,814,NULL,2520289,2520289,2520289,2520296,LIMIT,SELL,1,565,2019-03-06T06:11:34.684,2019-03-06T06:11:39.476,,06:11:34.684,06:11:34.684,0,600,#N/A,#N/A,00:16:23,982.848,-1
pert-josh,M5@bmm,4568,433,8172,4,814,NULL,2520290,2520290,2520290,2520287,LIMIT,BUY,1,565,2019-03-06T06:11:35.163,2019-03-06T06:11:35.169,,06:11:35.163,06:11:35.163,1,600,565,-35,00:16:23,983.327,1
pert-josh,M6@bmm,4569,433,8172,4,814,NULL,2520291,2520291,2520291,2520297,LIMIT,SELL,1,565,2019-03-06T06:11:36.008,2019-03-06T06:11:39.476,,06:11:36.008,06:11:36.008,0,600,#N/A,#N/A,00:16:24,984.172,-1
pert-josh,M6@bmm,4569,433,8172,4,814,NULL,2520292,2520292,2520292,2520298,LIMIT,SELL,1,565,2019-03-06T06:11:36.223,2019-03-06T06:11:39.476,,06:11:36.223,06:11:36.223,0,600,#N/A,#N/A,00:16:24,984.387,-1
pert-josh,M6@bmm,4569,433,8172,4,814,NULL,2520293,2520293,2520293,2520299,LIMIT,SELL,1,565,2019-03-06T06:11:36.399,2019-03-06T06:11:39.476,,06:11:36.399,06:11:36.399,0,600,#N/A,#N/A,00:16:25,984.563,-1
pert-josh,M3@bmm,4566,433,8172,4,814,NULL,2520294,2520294,2520294,2520353,LIMIT,SELL,1,570,2019-03-06T06:11:37.698,2019-03-06T06:12:38.581,,06:11:37.698,06:11:37.698,0,600,#N/A,#N/A,00:16:26,985.862,-1
pert-josh,M1@bmm,4564,433,8172,4,814,NULL,2520296,2520295,2520295,2520289,LIMIT,BUY,1,565,2019-03-06T06:11:39.459,2019-03-06T06:11:39.476,,06:11:39.459,06:11:39.459,1,600,565,-35,00:16:28,987.623,1
pert-josh,M1@bmm,4564,433,8172,4,814,NULL,2520297,2520295,2520295,2520291,LIMIT,BUY,1,565,2019-03-06T06:11:39.463,2019-03-06T06:11:39.476,,06:11:39.463,06:11:39.463,1,600,565,-35,00:16:28,987.627,1
pert-josh,M1@bmm,4564,433,8172,4,814,NULL,2520298,2520295,2520295,2520292,LIMIT,BUY,1,565,2019-03-06T06:11:39.468,2019-03-06T06:11:39.476,,06:11:39.468,06:11:39.468,1,600,565,-35,00:16:28,987.632,1
pert-josh,M1@bmm,4564,433,8172,4,814,NULL,2520299,2520295,2520295,2520293,LIMIT,BUY,1,565,2019-03-06T06:11:39.472,2019-03-06T06:11:39.476,,06:11:39.472,06:11:39.472,1,600,565,-35,00:16:28,987.636,1
pert-josh,M6@bmm,4569,433,8172,4,814,NULL,2520300,2520300,2520300,2520304,LIMIT,SELL,1,565,2019-03-06T06:11:40.918,2019-03-06T06:11:42.323,,06:11:40.918,06:11:40.918,0,600,#N/A,#N/A,00:16:29,989.082,-1
pert-josh,M6@bmm,4569,433,8172,4,814,NULL,2520302,2520302,2520302,2520305,LIMIT,SELL,1,565,2019-03-06T06:11:42.297,2019-03-06T06:11:42.323,,06:11:42.297,06:11:42.297,0,600,#N/A,#N/A,00:16:30,990.461,-1
pert-josh,M7@bmm,4570,433,8172,4,814,NULL,2520304,2520303,2520303,2520300,LIMIT,BUY,1,565,2019-03-06T06:11:42.312,2019-03-06T06:11:42.323,,06:11:42.312,06:11:42.312,1,600,565,-35,00:16:30,990.476,1
pert-josh,M7@bmm,4570,433,8172,4,814,NULL,2520305,2520303,2520303,2520302,LIMIT,BUY,1,565,2019-03-06T06:11:42.316,2019-03-06T06:11:42.324,,06:11:42.316,06:11:42.316,1,600,565,-35,00:16:30,990.48,1
pert-josh,M7@bmm,4570,433,8172,4,814,NULL,2520306,2520303,2520303,2520307,LIMIT,BUY,1,565,2019-03-06T06:11:42.306,2019-03-06T06:11:44.104,,06:11:42.306,06:11:42.306,0,600,#N/A,#N/A,00:16:30,990.47,1
pert-josh,M6@bmm,4569,433,8172,4,814,NULL,2520307,2520307,2520307,2520306,LIMIT,SELL,1,565,2019-03-06T06:11:44.098,2019-03-06T06:11:44.104,,06:11:44.098,06:11:44.098,1,600,565,-35,00:16:32,992.262,-1
pert-josh,M6@bmm,4569,433,8172,4,814,NULL,2520308,2520308,2520308,2520310,LIMIT,SELL,1,565,2019-03-06T06:11:46.880,2019-03-06T06:11:50.092,,06:11:46.880,06:11:46.880,0,600,#N/A,#N/A,00:16:35,995.044,-1
pert-josh,M7@bmm,4570,433,8172,4,814,NULL,2520310,2520309,2520309,2520308,LIMIT,BUY,1,565,2019-03-06T06:11:50.084,2019-03-06T06:11:50.092,,06:11:50.084,06:11:50.084,1,600,565,-35,00:16:38,998.248,1
pert-josh,M6@bmm,4569,433,8172,4,814,NULL,2520314,2520314,2520314,2520315,LIMIT,SELL,1,565,2019-03-06T06:11:56.487,2019-03-06T06:11:56.501,,06:11:56.487,06:11:56.487,0,600,#N/A,#N/A,00:16:45,1004.651,-1
pert-josh,M7@bmm,4570,433,8172,4,814,NULL,2520315,2520309,2520311,2520314,LIMIT,BUY,1,565,2019-03-06T06:11:56.494,2019-03-06T06:11:56.501,,06:11:56.494,06:11:56.494,1,600,565,-35,00:16:45,1004.658,1
pert-josh,M7@bmm,4570,433,8172,4,814,NULL,2520316,2520309,2520311,2520318,LIMIT,BUY,1,565,2019-03-06T06:11:50.076,2019-03-06T06:11:57.489,,06:11:50.076,06:11:50.076,0,600,#N/A,#N/A,00:16:38,998.24,1
pert-josh,M8@bmm,4571,433,8172,4,814,NULL,2520317,2520317,2520317,NULL,LIMIT,BUY,1,560,2019-03-06T06:11:56.511,2019-03-06T06:11:56.514,,06:11:56.511,06:11:56.511,0,600,#N/A,#N/A,00:16:45,1004.675,1
pert-josh,M6@bmm,4569,433,8172,4,814,NULL,2520318,2520318,2520318,2520316,LIMIT,SELL,1,565,2019-03-06T06:11:57.482,2019-03-06T06:11:57.489,,06:11:57.482,06:11:57.482,1,600,565,-35,00:16:46,1005.646,-1
pert-josh,M5@bmm,4568,433,8172,4,814,NULL,2520319,2520319,2520319,2520321,LIMIT,BUY,1,565,2019-03-06T06:11:59.108,2019-03-06T06:12:02.936,,06:11:59.108,06:11:59.108,0,600,#N/A,#N/A,00:16:47,1007.272,1
pert-josh,M8@bmm,4571,433,8172,4,814,NULL,2520320,2520320,2520320,NULL,LIMIT,BUY,1,560,2019-03-06T06:12:01.115,2019-03-06T06:12:01.118,,06:12:01.115,06:12:01.115,0,600,#N/A,#N/A,00:16:49,1009.279,1
pert-josh,M3@bmm,4566,433,8172,4,814,NULL,2520321,2520321,2520321,2520319,LIMIT,SELL,1,565,2019-03-06T06:12:02.929,2019-03-06T06:12:02.936,,06:12:02.929,06:12:02.929,1,600,565,-35,00:16:51,1011.093,-1
pert-josh,M5@bmm,4568,433,8172,4,814,NULL,2520323,2520323,2520323,2520325,LIMIT,BUY,1,565,2019-03-06T06:12:09.941,2019-03-06T06:12:11.674,,06:12:09.941,06:12:09.941,0,600,#N/A,#N/A,00:16:58,1018.105,1
pert-josh,M5@bmm,4568,433,8172,4,814,NULL,2520324,2520324,2520324,2520326,LIMIT,BUY,1,565,2019-03-06T06:12:11.571,2019-03-06T06:12:12.747,,06:12:11.571,06:12:11.571,0,600,#N/A,#N/A,00:17:00,1019.735,1
pert-josh,M4@bmm,4567,433,8172,4,814,NULL,2520325,2520325,2520325,2520323,LIMIT,SELL,1,565,2019-03-06T06:12:11.665,2019-03-06T06:12:11.674,,06:12:11.665,06:12:11.665,1,600,565,-35,00:17:00,1019.829,-1
pert-josh,M2@bmm,4565,433,8172,4,814,NULL,2520326,2520326,2520326,2520324,LIMIT,SELL,1,565,2019-03-06T06:12:12.740,2019-03-06T06:12:12.747,,06:12:12.740,06:12:12.740,1,600,565,-35,00:17:01,1020.904,-1
pert-josh,M2@bmm,4565,433,8172,4,814,NULL,2520329,2520329,2520329,2520330,LIMIT,SELL,1,565,2019-03-06T06:12:16.820,2019-03-06T06:12:16.841,,06:12:16.820,06:12:16.820,0,600,#N/A,#N/A,00:17:05,1024.984,-1
pert-josh,M1@bmm,4564,433,8172,4,814,NULL,2520330,2520328,2520328,2520329,LIMIT,BUY,1,565,2019-03-06T06:12:16.828,2019-03-06T06:12:16.841,,06:12:16.828,06:12:16.828,1,600,565,-35,00:17:05,1024.992,1
pert-josh,M2@bmm,4565,433,8172,4,814,NULL,2520332,2520332,2520332,2520333,LIMIT,SELL,1,565,2019-03-06T06:12:24.620,2019-03-06T06:12:24.633,,06:12:24.620,06:12:24.620,0,600,#N/A,#N/A,00:17:13,1032.784,-1
pert-josh,M1@bmm,4564,433,8172,4,814,NULL,2520333,2520328,2520331,2520332,LIMIT,BUY,1,565,2019-03-06T06:12:24.626,2019-03-06T06:12:24.633,,06:12:24.626,06:12:24.626,1,600,565,-35,00:17:13,1032.79,1
pert-josh,M2@bmm,4565,433,8172,4,814,NULL,2520337,2520337,2520337,2520338,LIMIT,SELL,1,565,2019-03-06T06:12:28.231,2019-03-06T06:12:28.244,,06:12:28.231,06:12:28.231,0,600,#N/A,#N/A,00:17:16,1036.395,-1
pert-josh,M1@bmm,4564,433,8172,4,814,NULL,2520338,2520328,2520334,2520337,LIMIT,BUY,1,565,2019-03-06T06:12:28.237,2019-03-06T06:12:28.245,,06:12:28.237,06:12:28.237,1,600,565,-35,00:17:16,1036.401,1
pert-josh,M7@bmm,4570,433,8172,4,814,NULL,2520341,2520340,2520340,2520265,LIMIT,BUY,1,570,2019-03-06T06:12:28.640,2019-03-06T06:12:28.660,,06:12:28.640,06:12:28.640,1,600,570,-30,00:17:17,1036.804,1
pert-josh,M7@bmm,4570,433,8172,4,814,NULL,2520342,2520340,2520340,2520266,LIMIT,BUY,1,570,2019-03-06T06:12:28.646,2019-03-06T06:12:28.660,,06:12:28.646,06:12:28.646,1,600,570,-30,00:17:17,1036.81,1
pert-josh,M7@bmm,4570,433,8172,4,814,NULL,2520343,2520340,2520340,2520270,LIMIT,BUY,1,570,2019-03-06T06:12:28.651,2019-03-06T06:12:28.661,,06:12:28.651,06:12:28.651,1,600,570,-30,00:17:17,1036.815,1
pert-josh,M7@bmm,4570,433,8172,4,814,NULL,2520344,2520340,2520340,2520271,LIMIT,BUY,1,570,2019-03-06T06:12:28.656,2019-03-06T06:12:28.661,,06:12:28.656,06:12:28.656,1,600,570,-30,00:17:17,1036.82,1
pert-josh,M5@bmm,4568,433,8172,4,814,NULL,2520345,2520345,2520345,2520385,LIMIT,SELL,1,570,2019-03-06T06:12:33.117,2019-03-06T06:13:24.426,,06:12:33.117,06:12:33.117,0,600,#N/A,#N/A,00:17:21,1041.281,-1
pert-josh,M8@bmm,4571,433,8172,4,814,NULL,2520346,2520346,2520346,2520365,LIMIT,BUY,1,565,2019-03-06T06:12:33.200,2019-03-06T06:12:48.135,,06:12:33.200,06:12:33.200,0,600,#N/A,#N/A,00:17:21,1041.364,1
pert-josh,M8@bmm,4571,433,8172,4,814,NULL,2520347,2520347,2520347,2520367,LIMIT,BUY,1,565,2019-03-06T06:12:34.097,2019-03-06T06:12:48.718,,06:12:34.097,06:12:34.097,0,600,#N/A,#N/A,00:17:22,1042.261,1
pert-josh,M5@bmm,4568,433,8172,4,814,NULL,2520348,2520348,2520348,2520349,LIMIT,SELL,1,565,2019-03-06T06:12:37.742,2019-03-06T06:12:37.755,,06:12:37.742,06:12:37.742,0,600,#N/A,#N/A,00:17:26,1045.906,-1
pert-josh,M1@bmm,4564,433,8172,4,814,NULL,2520349,2520328,2520339,2520348,LIMIT,BUY,1,565,2019-03-06T06:12:37.748,2019-03-06T06:12:37.755,,06:12:37.748,06:12:37.748,1,600,565,-35,00:17:26,1045.912,1
pert-josh,M1@bmm,4564,433,8172,4,814,NULL,2520350,2520328,2520339,2520357,LIMIT,BUY,1,565,2019-03-06T06:12:14.571,2019-03-06T06:12:38.741,,06:12:14.571,06:12:14.571,0,600,#N/A,#N/A,00:17:03,1022.735,1
pert-josh,M7@bmm,4570,433,8172,4,814,NULL,2520352,2520351,2520351,2520272,LIMIT,BUY,1,570,2019-03-06T06:12:38.561,2019-03-06T06:12:38.581,,06:12:38.561,06:12:38.561,1,600,570,-30,00:17:27,1046.725,1
pert-josh,M7@bmm,4570,433,8172,4,814,NULL,2520353,2520351,2520351,2520294,LIMIT,BUY,1,570,2019-03-06T06:12:38.566,2019-03-06T06:12:38.581,,06:12:38.566,06:12:38.566,1,600,570,-30,00:17:27,1046.73,1
pert-josh,M7@bmm,4570,433,8172,4,814,NULL,2520354,2520351,2520351,2520355,LIMIT,BUY,2,570,2019-03-06T06:12:38.570,2019-03-06T06:12:38.581,,06:12:38.570,06:12:38.570,0,600,#N/A,#N/A,00:17:27,1046.734,1
pert-josh,M1@bmm,4564,433,8172,4,814,NULL,2520355,2520312,2520312,2520354,LIMIT,SELL,2,570,2019-03-06T06:12:38.573,2019-03-06T06:12:38.581,,06:12:38.573,06:12:38.573,1,600,570,-30,00:17:27,1046.737,-1
pert-josh,M5@bmm,4568,433,8172,4,814,NULL,2520357,2520357,2520357,2520350,LIMIT,SELL,1,565,2019-03-06T06:12:38.731,2019-03-06T06:12:38.740,,06:12:38.731,06:12:38.731,1,600,565,-35,00:17:27,1046.895,-1
pert-josh,M8@bmm,4571,433,8172,4,814,NULL,2520358,2520358,2520358,2520386,LIMIT,SELL,1,570,2019-03-06T06:12:39.906,2019-03-06T06:13:24.426,,06:12:39.906,06:12:39.906,0,600,#N/A,#N/A,00:17:28,1048.07,-1
pert-josh,M3@bmm,4566,433,8172,4,814,NULL,2520362,2520362,2520362,NULL,LIMIT,SELL,1,585,2019-03-06T06:12:41.929,2019-03-06T06:12:41.932,,06:12:41.929,06:12:41.929,0,600,#N/A,#N/A,00:17:30,1050.093,-1
pert-josh,M6@bmm,4569,433,8172,4,814,NULL,2520365,2520365,2520365,2520346,LIMIT,SELL,1,565,2019-03-06T06:12:48.129,2019-03-06T06:12:48.135,,06:12:48.129,06:12:48.129,1,600,565,-35,00:17:36,1056.293,-1
pert-josh,M6@bmm,4569,433,8172,4,814,NULL,2520367,2520367,2520367,2520347,LIMIT,SELL,1,565,2019-03-06T06:12:48.711,2019-03-06T06:12:48.718,,06:12:48.711,06:12:48.711,1,600,565,-35,00:17:37,1056.875,-1
pert-josh,M6@bmm,4569,433,8172,4,814,NULL,2520368,2520368,2520368,2520369,LIMIT,SELL,1,565,2019-03-06T06:12:49.480,2019-03-06T06:12:49.493,,06:12:49.480,06:12:49.480,0,600,#N/A,#N/A,00:17:38,1057.644,-1
pert-josh,M7@bmm,4570,433,8172,4,814,NULL,2520369,2520361,2520361,2520368,LIMIT,BUY,1,565,2019-03-06T06:12:49.486,2019-03-06T06:12:49.493,,06:12:49.486,06:12:49.486,1,600,565,-35,00:17:38,1057.65,1
pert-josh,M6@bmm,4569,433,8172,4,814,NULL,2520371,2520371,2520371,2520372,LIMIT,SELL,1,565,2019-03-06T06:12:50.305,2019-03-06T06:12:50.318,,06:12:50.305,06:12:50.305,0,600,#N/A,#N/A,00:17:38,1058.469,-1
pert-josh,M7@bmm,4570,433,8172,4,814,NULL,2520372,2520361,2520370,2520371,LIMIT,BUY,1,565,2019-03-06T06:12:50.311,2019-03-06T06:12:50.319,,06:12:50.311,06:12:50.311,1,600,565,-35,00:17:38,1058.475,1
pert-josh,M6@bmm,4569,433,8172,4,814,NULL,2520374,2520374,2520374,2520375,LIMIT,SELL,1,565,2019-03-06T06:12:50.576,2019-03-06T06:12:50.592,,06:12:50.576,06:12:50.576,0,600,#N/A,#N/A,00:17:39,1058.74,-1
pert-josh,M7@bmm,4570,433,8172,4,814,NULL,2520375,2520361,2520373,2520374,LIMIT,BUY,1,565,2019-03-06T06:12:50.585,2019-03-06T06:12:50.592,,06:12:50.585,06:12:50.585,1,600,565,-35,00:17:39,1058.749,1
